@manual{greenfield_perry_2013,
  title        = {{Astropy Proposal for Enhancement 1: APE Purpose and Process (APE 1)}},
  author       = {Greenfield, Perry},
  month        = nov,
  year         = 2013,
  doi          = {10.5281/zenodo.1043886},
  url          = {https://doi.org/10.5281/zenodo.1043886}
}

% Encoding: UTF-8
@misc{Luger2021,
  author       = {{Luger}, Rodrigo},
  title        = {showyourwork},
  year         = {2021},
  publisher    = {GitHub},
  journal      = {GitHub repository},
  howpublished = {\url{https://github.com/rodluger/showyourwork}},
  commit       = {main}
}

@article{scikit-image,
 title = {scikit-image: image processing in {P}ython},
 author = {van der Walt, {S}t\'efan and {S}ch\"onberger, {J}ohannes {L}. and
           {Nunez-Iglesias}, {J}uan and {B}oulogne, {F}ran\c{c}ois and {W}arner,
           {J}oshua {D}. and {Y}ager, {N}eil and {G}ouillart, {E}mmanuelle and
           {Y}u, {T}ony and the scikit-image contributors},
 year = {2014},
 month = {6},
 keywords = {Image processing, Reproducible research, Education,
             Visualization, Open source, Python, Scientific programming},
 volume = {2},
 pages = {e453},
 journal = {PeerJ},
 issn = {2167-8359},
 url = {https://doi.org/10.7717/peerj.453},
 doi = {10.7717/peerj.453}
}

@article{scikit-learn,
 title={Scikit-learn: Machine Learning in {P}ython},
 author={Pedregosa, F. and Varoquaux, G. and Gramfort, A. and Michel, V.
         and Thirion, B. and Grisel, O. and Blondel, M. and Prettenhofer, P.
         and Weiss, R. and Dubourg, V. and Vanderplas, J. and Passos, A. and
         Cournapeau, D. and Brucher, M. and Perrot, M. and Duchesnay, E.},
 journal={Journal of Machine Learning Research},
 volume={12},
 pages={2825--2830},
 year={2011}
}

@article{iminuit,
  author={Hans Dembinski and Piti Ongmongkolkul et al.},
  title={scikit-hep/iminuit},
  DOI={10.5281/zenodo.3949207},
  publisher={Zenodo},
  year={2020},
  month={Dec},
  url={https://doi.org/10.5281/zenodo.3949207}
}

@ARTICLE{2021arXiv211214573N,
       author = {{Nigro}, C. and {Sitarek}, J. and {Gliwny}, P. and {Sanchez}, D. and {Tramacere}, A. and {Craig}, M.},
        title = "{agnpy: An open-source python package modelling the radiative processes of jetted active galactic nuclei}",
      journal = {arXiv e-prints},
     keywords = {Astrophysics - Instrumentation and Methods for Astrophysics, Astrophysics - Astrophysics of Galaxies, Astrophysics - High Energy Astrophysical Phenomena},
         year = 2021,
        month = dec,
          eid = {arXiv:2112.14573},
        pages = {arXiv:2112.14573},
archivePrefix = {arXiv},
       eprint = {2112.14573},
 primaryClass = {astro-ph.IM},
       adsurl = {https://ui.adsabs.harvard.edu/abs/2021arXiv211214573N},
      adsnote = {Provided by the SAO/NASA Astrophysics Data System}
}

@ARTICLE{numpy,
       author = {{Harris}, Charles R. and {Millman}, K. Jarrod and {van der Walt}, St{\'e}fan J. and {Gommers}, Ralf and {Virtanen}, Pauli and {Cournapeau}, David and {Wieser}, Eric and {Taylor}, Julian and {Berg}, Sebastian and {Smith}, Nathaniel J. and {Kern}, Robert and {Picus}, Matti and {Hoyer}, Stephan and {van Kerkwijk}, Marten H. and {Brett}, Matthew and {Haldane}, Allan and {del R{\'\i}o}, Jaime Fern{\'a}ndez and {Wiebe}, Mark and {Peterson}, Pearu and {G{\'e}rard-Marchant}, Pierre and {Sheppard}, Kevin and {Reddy}, Tyler and {Weckesser}, Warren and {Abbasi}, Hameer and {Gohlke}, Christoph and {Oliphant}, Travis E.},
        title = "{Array programming with NumPy}",
      journal = {\nat},
     keywords = {Computer Science - Mathematical Software, Statistics - Computation},
         year = 2020,
        month = sep,
       volume = {585},
       number = {7825},
        pages = {357-362},
          doi = {10.1038/s41586-020-2649-2},
archivePrefix = {arXiv},
       eprint = {2006.10256},
 primaryClass = {cs.MS},
       adsurl = {https://ui.adsabs.harvard.edu/abs/2020Natur.585..357H},
      adsnote = {Provided by the SAO/NASA Astrophysics Data System}
}

@Article{matplotlib,
  Author    = {Hunter, J. D.},
  Title     = {Matplotlib: A 2D graphics environment},
  Journal   = {Computing In Science \& Engineering},
  Volume    = {9},
  Number    = {3},
  Pages     = {90--95},
  abstract  = {Matplotlib is a 2D graphics package used for Python
  for application development, interactive scripting, and
  publication-quality image generation across user
  interfaces and operating systems.},
  publisher = {IEEE COMPUTER SOC},
  doi = {10.1109/MCSE.2007.55},
  year      = 2007
}

@ARTICLE{2020SciPy-NMeth,
  author  = {Virtanen, Pauli and Gommers, Ralf and Oliphant, Travis E. and
            Haberland, Matt and Reddy, Tyler and Cournapeau, David and
            Burovski, Evgeni and Peterson, Pearu and Weckesser, Warren and
            Bright, Jonathan and {van der Walt}, St{\'e}fan J. and
            Brett, Matthew and Wilson, Joshua and Millman, K. Jarrod and
            Mayorov, Nikolay and Nelson, Andrew R. J. and Jones, Eric and
            Kern, Robert and Larson, Eric and Carey, C J and
            Polat, {\.I}lhan and Feng, Yu and Moore, Eric W. and
            {VanderPlas}, Jake and Laxalde, Denis and Perktold, Josef and
            Cimrman, Robert and Henriksen, Ian and Quintero, E. A. and
            Harris, Charles R. and Archibald, Anne M. and
            Ribeiro, Ant{\^o}nio H. and Pedregosa, Fabian and
            {van Mulbregt}, Paul and {SciPy 1.0 Contributors}},
  title   = {{{SciPy} 1.0: Fundamental Algorithms for Scientific
            Computing in Python}},
  journal = {Nature Methods},
  year    = {2020},
  volume  = {17},
  pages   = {261--272},
  adsurl  = {https://rdcu.be/b08Wh},
  doi     = {10.1038/s41592-019-0686-2},
}


@ARTICLE{2018A&A...612A...1H,
       author = {{H.~E.~S.~S. Collaboration} and {Abdalla}, H. and {Abramowski}, A. and {Aharonian}, F. and {Ait Benkhali}, F. and {Ang{\"u}ner}, E.~O. and {Arakawa}, M. and {Arrieta}, M. and {Aubert}, P. and {Backes}, M. and {Balzer}, A. and {Barnard}, M. and {Becherini}, Y. and {Becker Tjus}, J. and {Berge}, D. and {Bernhard}, S. and {Bernl{\"o}hr}, K. and {Blackwell}, R. and {B{\"o}ttcher}, M. and {Boisson}, C. and {Bolmont}, J. and {Bonnefoy}, S. and {Bordas}, P. and {Bregeon}, J. and {Brun}, F. and {Brun}, P. and {Bryan}, M. and {B{\"u}chele}, M. and {Bulik}, T. and {Capasso}, M. and {Carrigan}, S. and {Caroff}, S. and {Carosi}, A. and {Casanova}, S. and {Cerruti}, M. and {Chakraborty}, N. and {Chaves}, R.~C.~G. and {Chen}, A. and {Chevalier}, J. and {Colafrancesco}, S. and {Condon}, B. and {Conrad}, J. and {Davids}, I.~D. and {Decock}, J. and {Deil}, C. and {Devin}, J. and {deWilt}, P. and {Dirson}, L. and {Djannati-Ata{\"\i}}, A. and {Domainko}, W. and {Donath}, A. and {Drury}, L.~O. 'C. and {Dutson}, K. and {Dyks}, J. and {Edwards}, T. and {Egberts}, K. and {Eger}, P. and {Emery}, G. and {Ernenwein}, J. -P. and {Eschbach}, S. and {Farnier}, C. and {Fegan}, S. and {Fernandes}, M.~V. and {Fiasson}, A. and {Fontaine}, G. and {F{\"o}rster}, A. and {Funk}, S. and {F{\"u}{\ss}ling}, M. and {Gabici}, S. and {Gallant}, Y.~A. and {Garrigoux}, T. and {Gast}, H. and {Gat{\'e}}, F. and {Giavitto}, G. and {Giebels}, B. and {Glawion}, D. and {Glicenstein}, J.~F. and {Gottschall}, D. and {Grondin}, M. -H. and {Hahn}, J. and {Haupt}, M. and {Hawkes}, J. and {Heinzelmann}, G. and {Henri}, G. and {Hermann}, G. and {Hinton}, J.~A. and {Hofmann}, W. and {Hoischen}, C. and {Holch}, T.~L. and {Holler}, M. and {Horns}, D. and {Ivascenko}, A. and {Iwasaki}, H. and {Jacholkowska}, A. and {Jamrozy}, M. and {Jankowsky}, D. and {Jankowsky}, F. and {Jingo}, M. and {Jouvin}, L. and {Jung-Richardt}, I. and {Kastendieck}, M.~A. and {Katarzy{\'n}ski}, K. and {Katsuragawa}, M. and {Katz}, U. and {Kerszberg}, D. and {Khangulyan}, D. and {Kh{\'e}lifi}, B. and {King}, J. and {Klepser}, S. and {Klochkov}, D. and {Klu{\'z}niak}, W. and {Komin}, Nu. and {Kosack}, K. and {Krakau}, S. and {Kraus}, M. and {Kr{\"u}ger}, P.~P. and {Laffon}, H. and {Lamanna}, G. and {Lau}, J. and {Lees}, J. -P. and {Lefaucheur}, J. and {Lemi{\`e}re}, A. and {Lemoine-Goumard}, M. and {Lenain}, J. -P. and {Leser}, E. and {Lohse}, T. and {Lorentz}, M. and {Liu}, R. and {L{\'o}pez-Coto}, R. and {Lypova}, I. and {Marandon}, V. and {Malyshev}, D. and {Marcowith}, A. and {Mariaud}, C. and {Marx}, R. and {Maurin}, G. and {Maxted}, N. and {Mayer}, M. and {Meintjes}, P.~J. and {Meyer}, M. and {Mitchell}, A.~M.~W. and {Moderski}, R. and {Mohamed}, M. and {Mohrmann}, L. and {Mor{\r{a}}}, K. and {Moulin}, E. and {Murach}, T. and {Nakashima}, S. and {de Naurois}, M. and {Ndiyavala}, H. and {Niederwanger}, F. and {Niemiec}, J. and {Oakes}, L. and {O'Brien}, P. and {Odaka}, H. and {Ohm}, S. and {Ostrowski}, M. and {Oya}, I. and {Padovani}, M. and {Panter}, M. and {Parsons}, R.~D. and {Paz Arribas}, M. and {Pekeur}, N.~W. and {Pelletier}, G. and {Perennes}, C. and {Petrucci}, P. -O. and {Peyaud}, B. and {Piel}, Q. and {Pita}, S. and {Poireau}, V. and {Poon}, H. and {Prokhorov}, D. and {Prokoph}, H. and {P{\"u}hlhofer}, G. and {Punch}, M. and {Quirrenbach}, A. and {Raab}, S. and {Rauth}, R. and {Reimer}, A. and {Reimer}, O. and {Renaud}, M. and {de los Reyes}, R. and {Rieger}, F. and {Rinchiuso}, L. and {Romoli}, C. and {Rowell}, G. and {Rudak}, B. and {Rulten}, C.~B. and {Safi-Harb}, S. and {Sahakian}, V. and {Saito}, S. and {Sanchez}, D.~A. and {Santangelo}, A. and {Sasaki}, M. and {Schandri}, M. and {Schlickeiser}, R. and {Sch{\"u}ssler}, F. and {Schulz}, A. and {Schwanke}, U. and {Schwemmer}, S. and {Seglar-Arroyo}, M. and {Settimo}, M. and {Seyffert}, A.~S. and {Shafi}, N. and {Shilon}, I. and {Shiningayamwe}, K. and {Simoni}, R. and {Sol}, H. and {Spanier}, F. and {Spir-Jacob}, M. and {Stawarz}, {\L}. and {Steenkamp}, R. and {Stegmann}, C. and {Steppa}, C. and {Sushch}, I. and {Takahashi}, T. and {Tavernet}, J. -P. and {Tavernier}, T. and {Taylor}, A.~M. and {Terrier}, R. and {Tibaldo}, L. and {Tiziani}, D. and {Tluczykont}, M. and {Trichard}, C. and {Tsirou}, M. and {Tsuji}, N. and {Tuffs}, R. and {Uchiyama}, Y. and {van der Walt}, D.~J. and {van Eldik}, C. and {van Rensburg}, C. and {van Soelen}, B. and {Vasileiadis}, G. and {Veh}, J. and {Venter}, C. and {Viana}, A. and {Vincent}, P. and {Vink}, J. and {Voisin}, F. and {V{\"o}lk}, H.~J. and {Vuillaume}, T. and {Wadiasingh}, Z. and {Wagner}, S.~J. and {Wagner}, P. and {Wagner}, R.~M. and {White}, R. and {Wierzcholska}, A. and {Willmann}, P. and {W{\"o}rnlein}, A. and {Wouters}, D. and {Yang}, R. and {Zaborov}, D. and {Zacharias}, M. and {Zanin}, R. and {Zdziarski}, A.~A. and {Zech}, A. and {Zefi}, F. and {Ziegler}, A. and {Zorn}, J. and {{\.Z}ywucka}, N.},
        title = "{The H.E.S.S. Galactic plane survey}",
      journal = {\aap},
     keywords = {gamma rays: general, surveys, Galaxy: general, Astrophysics - High Energy Astrophysical Phenomena},
         year = 2018,
        month = apr,
       volume = {612},
          eid = {A1},
        pages = {A1},
          doi = {10.1051/0004-6361/201732098},
archivePrefix = {arXiv},
       eprint = {1804.02432},
 primaryClass = {astro-ph.HE},
       adsurl = {https://ui.adsabs.harvard.edu/abs/2018A&A...612A...1H},
      adsnote = {Provided by the SAO/NASA Astrophysics Data System}
}



@ARTICLE{2018A&A...612A...2H,
       author = {{H.~E.~S.~S. Collaboration} and {Abdalla}, H. and {Abramowski}, A. and {Aharonian}, F. and {Ait Benkhali}, F. and {Akhperjanian}, A.~G. and {Andersson}, T. and {Ang{\"u}ner}, E.~O. and {Arrieta}, M. and {Aubert}, P. and {Backes}, M. and {Balzer}, A. and {Barnard}, M. and {Becherini}, Y. and {Becker Tjus}, J. and {Berge}, D. and {Bernhard}, S. and {Bernl{\"o}hr}, K. and {Blackwell}, R. and {B{\"o}ttcher}, M. and {Boisson}, C. and {Bolmont}, J. and {Bordas}, P. and {Bregeon}, J. and {Brun}, F. and {Brun}, P. and {Bryan}, M. and {Bulik}, T. and {Capasso}, M. and {Carr}, J. and {Carrigan}, S. and {Casanova}, S. and {Cerruti}, M. and {Chakraborty}, N. and {Chalme-Calvet}, R. and {Chaves}, R.~C.~G. and {Chen}, A. and {Chevalier}, J. and {Chr{\'e}tien}, M. and {Colafrancesco}, S. and {Cologna}, G. and {Condon}, B. and {Conrad}, J. and {Couturier}, C. and {Cui}, Y. and {Davids}, I.~D. and {Degrange}, B. and {Deil}, C. and {Devin}, J. and {deWilt}, P. and {Dirson}, L. and {Djannati-Ata{\"\i}}, A. and {Domainko}, W. and {Donath}, A. and {Drury}, L.~O. 'C. and {Dubus}, G. and {Dutson}, K. and {Dyks}, J. and {Edwards}, T. and {Egberts}, K. and {Eger}, P. and {Ernenwein}, J. -P. and {Eschbach}, S. and {Farnier}, C. and {Fegan}, S. and {Fernandes}, M.~V. and {Fiasson}, A. and {Fontaine}, G. and {F{\"o}rster}, A. and {Funk}, S. and {F{\"u}{\ss}ling}, M. and {Gabici}, S. and {Gajdus}, M. and {Gallant}, Y.~A. and {Garrigoux}, T. and {Giavitto}, G. and {Giebels}, B. and {Glicenstein}, J.~F. and {Gottschall}, D. and {Goyal}, A. and {Grondin}, M. -H. and {Hadasch}, D. and {Hahn}, J. and {Haupt}, M. and {Hawkes}, J. and {Heinzelmann}, G. and {Henri}, G. and {Hermann}, G. and {Hervet}, O. and {Hillert}, A. and {Hinton}, J.~A. and {Hofmann}, W. and {Hoischen}, C. and {Holler}, M. and {Horns}, D. and {Ivascenko}, A. and {Jacholkowska}, A. and {Jamrozy}, M. and {Janiak}, M. and {Jankowsky}, D. and {Jankowsky}, F. and {Jingo}, M. and {Jogler}, T. and {Jouvin}, L. and {Jung-Richardt}, I. and {Kastendieck}, M.~A. and {Katarzy{\'n}ski}, K. and {Katz}, U. and {Kerszberg}, D. and {Kh{\'e}lifi}, B. and {Kieffer}, M. and {King}, J. and {Klepser}, S. and {Klochkov}, D. and {Klu{\'z}niak}, W. and {Kolitzus}, D. and {Komin}, Nu. and {Kosack}, K. and {Krakau}, S. and {Kraus}, M. and {Krayzel}, F. and {Kr{\"u}ger}, P.~P. and {Laffon}, H. and {Lamanna}, G. and {Lau}, J. and {Lees}, J. -P. and {Lefaucheur}, J. and {Lefranc}, V. and {Lemi{\`e}re}, A. and {Lemoine-Goumard}, M. and {Lenain}, J. -P. and {Leser}, E. and {Lohse}, T. and {Lorentz}, M. and {Liu}, R. and {L{\'o}pez-Coto}, R. and {Lypova}, I. and {Marandon}, V. and {Marcowith}, A. and {Mariaud}, C. and {Marx}, R. and {Maurin}, G. and {Maxted}, N. and {Mayer}, M. and {Meintjes}, P.~J. and {Meyer}, M. and {Mitchell}, A.~M.~W. and {Moderski}, R. and {Mohamed}, M. and {Mohrmann}, L. and {Mor{\r{a}}}, K. and {Moulin}, E. and {Murach}, T. and {de Naurois}, M. and {Niederwanger}, F. and {Niemiec}, J. and {Oakes}, L. and {O'Brien}, P. and {Odaka}, H. and {{\"O}ttl}, S. and {Ohm}, S. and {de O{\~n}a Wilhelmi}, E. and {Ostrowski}, M. and {Oya}, I. and {Padovani}, M. and {Panter}, M. and {Parsons}, R.~D. and {Paz Arribas}, M. and {Pekeur}, N.~W. and {Pelletier}, G. and {Perennes}, C. and {Petrucci}, P. -O. and {Peyaud}, B. and {Pita}, S. and {Poon}, H. and {Prokhorov}, D. and {Prokoph}, H. and {P{\"u}hlhofer}, G. and {Punch}, M. and {Quirrenbach}, A. and {Raab}, S. and {Reimer}, A. and {Reimer}, O. and {Renaud}, M. and {de los Reyes}, R. and {Rieger}, F. and {Romoli}, C. and {Rosier-Lees}, S. and {Rowell}, G. and {Rudak}, B. and {Rulten}, C.~B. and {Sahakian}, V. and {Salek}, D. and {Sanchez}, D.~A. and {Santangelo}, A. and {Sasaki}, M. and {Schlickeiser}, R. and {Sch{\"u}ssler}, F. and {Schulz}, A. and {Schwanke}, U. and {Schwemmer}, S. and {Settimo}, M. and {Seyffert}, A.~S. and {Shafi}, N. and {Shilon}, I. and {Simoni}, R. and {Sol}, H. and {Spanier}, F. and {Spengler}, G. and {Spies}, F. and {Stawarz}, {\L}. and {Steenkamp}, R. and {Stegmann}, C. and {Stinzing}, F. and {Stycz}, K. and {Sushch}, I. and {Tavernet}, J. -P. and {Tavernier}, T. and {Taylor}, A.~M. and {Terrier}, R. and {Tibaldo}, L. and {Tiziani}, D. and {Tluczykont}, M. and {Trichard}, C. and {Tuffs}, R. and {Uchiyama}, Y. and {Valerius}, K. and {van der Walt}, D.~J. and {van Eldik}, C. and {van Soelen}, B. and {Vasileiadis}, G. and {Veh}, J. and {Venter}, C. and {Viana}, A. and {Vincent}, P. and {Vink}, J. and {Voisin}, F. and {V{\"o}lk}, H.~J. and {Vuillaume}, T. and {Wadiasingh}, Z. and {Wagner}, S.~J. and {Wagner}, P. and {Wagner}, R.~M. and {White}, R. and {Wierzcholska}, A. and {Willmann}, P. and {W{\"o}rnlein}, A. and {Wouters}, D. and {Yang}, R. and {Zabalza}, V. and {Zaborov}, D. and {Zacharias}, M. and {Zdziarski}, A.~A. and {Zech}, A. and {Zefi}, F. and {Ziegler}, A. and {{\.Z}ywucka}, N.},
        title = "{The population of TeV pulsar wind nebulae in the H.E.S.S. Galactic Plane Survey}",
      journal = {\aap},
     keywords = {gamma rays: general, catalogs, surveys, ISM: supernova remnants, pulsars: general, Astrophysics - High Energy Astrophysical Phenomena},
         year = 2018,
        month = apr,
       volume = {612},
          eid = {A2},
        pages = {A2},
          doi = {10.1051/0004-6361/201629377},
archivePrefix = {arXiv},
       eprint = {1702.08280},
 primaryClass = {astro-ph.HE},
       adsurl = {https://ui.adsabs.harvard.edu/abs/2018A&A...612A...2H},
      adsnote = {Provided by the SAO/NASA Astrophysics Data System}
}


@ARTICLE{2018A&A...612A...3H,
       author = {{H.~E.~S.~S. Collaboration} and {Abdalla}, H. and {Abramowski}, A. and {Aharonian}, F. and {Ait Benkhali}, F. and {Ang{\"u}ner}, E.~O. and {Arakawa}, M. and {Arrieta}, M. and {Aubert}, P. and {Backes}, M. and {Balzer}, A. and {Barnard}, M. and {Becherini}, Y. and {Becker Tjus}, J. and {Berge}, D. and {Bernhard}, S. and {Bernl{\"o}hr}, K. and {Blackwell}, R. and {B{\"o}ttcher}, M. and {Boisson}, C. and {Bolmont}, J. and {Bonnefoy}, S. and {Bordas}, P. and {Bregeon}, J. and {Brun}, F. and {Brun}, P. and {Bryan}, M. and {B{\"u}chele}, M. and {Bulik}, T. and {Capasso}, M. and {Caroff}, S. and {Carosi}, A. and {Casanova}, S. and {Cerruti}, M. and {Chakraborty}, N. and {Chaves}, R.~C.~G. and {Chen}, A. and {Chevalier}, J. and {Colafrancesco}, S. and {Condon}, B. and {Conrad}, J. and {Davids}, I.~D. and {Decock}, J. and {Deil}, C. and {Devin}, J. and {deWilt}, P. and {Dirson}, L. and {Djannati-Ata{\"\i}}, A. and {Donath}, A. and {Drury}, L.~O. 'C. and {Dutson}, K. and {Dyks}, J. and {Edwards}, T. and {Egberts}, K. and {Emery}, G. and {Ernenwein}, J. -P. and {Eschbach}, S. and {Farnier}, C. and {Fegan}, S. and {Fernandes}, M.~V. and {Fernandez}, D. and {Fiasson}, A. and {Fontaine}, G. and {Funk}, S. and {F{\"u}{\ss}ling}, M. and {Gabici}, S. and {Gallant}, Y.~A. and {Garrigoux}, T. and {Gat{\'e}}, F. and {Giavitto}, G. and {Giebels}, B. and {Glawion}, D. and {Glicenstein}, J.~F. and {Gottschall}, D. and {Grondin}, M. -H. and {Hahn}, J. and {Haupt}, M. and {Hawkes}, J. and {Heinzelmann}, G. and {Henri}, G. and {Hermann}, G. and {Hinton}, J.~A. and {Hofmann}, W. and {Hoischen}, C. and {Holch}, T.~L. and {Holler}, M. and {Horns}, D. and {Ivascenko}, A. and {Iwasaki}, H. and {Jacholkowska}, A. and {Jamrozy}, M. and {Jankowsky}, D. and {Jankowsky}, F. and {Jingo}, M. and {Jouvin}, L. and {Jung-Richardt}, I. and {Kastendieck}, M.~A. and {Katarzy{\'n}ski}, K. and {Katsuragawa}, M. and {Katz}, U. and {Kerszberg}, D. and {Khangulyan}, D. and {Kh{\'e}lifi}, B. and {King}, J. and {Klepser}, S. and {Klochkov}, D. and {Klu{\'z}niak}, W. and {Komin}, Nu. and {Kosack}, K. and {Krakau}, S. and {Kraus}, M. and {Kr{\"u}ger}, P.~P. and {Laffon}, H. and {Lamanna}, G. and {Lau}, J. and {Lees}, J. -P. and {Lefaucheur}, J. and {Lemi{\`e}re}, A. and {Lemoine-Goumard}, M. and {Lenain}, J. -P. and {Leser}, E. and {Lohse}, T. and {Lorentz}, M. and {Liu}, R. and {L{\'o}pez-Coto}, R. and {Lypova}, I. and {Malyshev}, D. and {Marandon}, V. and {Marcowith}, A. and {Mariaud}, C. and {Marx}, R. and {Maurin}, G. and {Maxted}, N. and {Mayer}, M. and {Meintjes}, P.~J. and {Meyer}, M. and {Mitchell}, A.~M.~W. and {Moderski}, R. and {Mohamed}, M. and {Mohrmann}, L. and {Mor{\r{a}}}, K. and {Moulin}, E. and {Murach}, T. and {Nakashima}, S. and {de Naurois}, M. and {Ndiyavala}, H. and {Niederwanger}, F. and {Niemiec}, J. and {Oakes}, L. and {O'Brien}, P. and {Odaka}, H. and {Ohm}, S. and {Ostrowski}, M. and {Oya}, I. and {Padovani}, M. and {Panter}, M. and {Parsons}, R.~D. and {Pekeur}, N.~W. and {Pelletier}, G. and {Perennes}, C. and {Petrucci}, P. -O. and {Peyaud}, B. and {Piel}, Q. and {Pita}, S. and {Poireau}, V. and {Poon}, H. and {Prokhorov}, D. and {Prokoph}, H. and {P{\"u}hlhofer}, G. and {Punch}, M. and {Quirrenbach}, A. and {Raab}, S. and {Rauth}, R. and {Reimer}, A. and {Reimer}, O. and {Renaud}, M. and {de los Reyes}, R. and {Rieger}, F. and {Rinchiuso}, L. and {Romoli}, C. and {Rowell}, G. and {Rudak}, B. and {Rulten}, C.~B. and {Safi-Harb}, S. and {Sahakian}, V. and {Saito}, S. and {Sanchez}, D.~A. and {Santangelo}, A. and {Sasaki}, M. and {Schlickeiser}, R. and {Sch{\"u}ssler}, F. and {Schulz}, A. and {Schwanke}, U. and {Schwemmer}, S. and {Seglar-Arroyo}, M. and {Settimo}, M. and {Seyffert}, A.~S. and {Shafi}, N. and {Shilon}, I. and {Shiningayamwe}, K. and {Simoni}, R. and {Sol}, H. and {Spanier}, F. and {Spir-Jacob}, M. and {Stawarz}, {\L}. and {Steenkamp}, R. and {Stegmann}, C. and {Steppa}, C. and {Sushch}, I. and {Takahashi}, T. and {Tavernet}, J. -P. and {Tavernier}, T. and {Taylor}, A.~M. and {Terrier}, R. and {Tibaldo}, L. and {Tiziani}, D. and {Tluczykont}, M. and {Trichard}, C. and {Tsirou}, M. and {Tsuji}, N. and {Tuffs}, R. and {Uchiyama}, Y. and {van der Walt}, D.~J. and {van Eldik}, C. and {van Rensburg}, C. and {van Soelen}, B. and {Vasileiadis}, G. and {Veh}, J. and {Venter}, C. and {Viana}, A. and {Vincent}, P. and {Vink}, J. and {Voisin}, F. and {V{\"o}lk}, H.~J. and {Vuillaume}, T. and {Wadiasingh}, Z. and {Wagner}, S.~J. and {Wagner}, P. and {Wagner}, R.~M. and {White}, R. and {Wierzcholska}, A. and {Willmann}, P. and {W{\"o}rnlein}, A. and {Wouters}, D. and {Yang}, R. and {Zaborov}, D. and {Zacharias}, M. and {Zanin}, R. and {Zdziarski}, A.~A. and {Zech}, A. and {Zefi}, F. and {Ziegler}, A. and {Zorn}, J. and {{\.Z}ywucka}, N.},
        title = "{Population study of Galactic supernova remnants at very high {\ensuremath{\gamma}}-ray energies with H.E.S.S.}",
      journal = {\aap},
     keywords = {gamma rays: general, ISM: supernova remnants, Astrophysics - High Energy Astrophysical Phenomena},
         year = 2018,
        month = apr,
       volume = {612},
          eid = {A3},
        pages = {A3},
          doi = {10.1051/0004-6361/201732125},
archivePrefix = {arXiv},
       eprint = {1802.05172},
 primaryClass = {astro-ph.HE},
       adsurl = {https://ui.adsabs.harvard.edu/abs/2018A&A...612A...3H},
      adsnote = {Provided by the SAO/NASA Astrophysics Data System}
}



@BOOK{2019scta.book.....C,
       author = {{Cherenkov Telescope Array Consortium} and {Acharya}, B.~S. and {Agudo}, I. and {Al Samarai}, I. and {Alfaro}, R. and {Alfaro}, J. and {Alispach}, C. and {Alves Batista}, R. and {Amans}, J. -P. and {Amato}, E. and {Ambrosi}, G. and {Antolini}, E. and {Antonelli}, L.~A. and {Aramo}, C. and {Araya}, M. and {Armstrong}, T. and {Arqueros}, F. and {Arrabito}, L. and {Asano}, K. and {Ashley}, M. and {Backes}, M. and {Balazs}, C. and {Balbo}, M. and {Ballester}, O. and {Ballet}, J. and {Bamba}, A. and {Barkov}, M. and {Barres de Almeida}, U. and {Barrio}, J.~A. and {Bastieri}, D. and {Becherini}, Y. and {Belfiore}, A. and {Benbow}, W. and {Berge}, D. and {Bernardini}, E. and {Bernardini}, M.~G. and {Bernardos}, M. and {Bernl{\"o}hr}, K. and {Bertucci}, B. and {Biasuzzi}, B. and {Bigongiari}, C. and {Biland}, A. and {Bissaldi}, E. and {Biteau}, J. and {Blanch}, O. and {Blazek}, J. and {Boisson}, C. and {Bolmont}, J. and {Bonanno}, G. and {Bonardi}, A. and {Bonavolont{\`a}}, C. and {Bonnoli}, G. and {Bosnjak}, Z. and {B{\"o}ttcher}, M. and {Braiding}, C. and {Bregeon}, J. and {Brill}, A. and {Brown}, A.~M. and {Brun}, P. and {Brunetti}, G. and {Buanes}, T. and {Buckley}, J. and {Bugaev}, V. and {B{\"u}hler}, R. and {Bulgarelli}, A. and {Bulik}, T. and {Burton}, M. and {Burtovoi}, A. and {Busetto}, G. and {Canestrari}, R. and {Capalbi}, M. and {Capitanio}, F. and {Caproni}, A. and {Caraveo}, P. and {C{\'a}rdenas}, V. and {Carlile}, C. and {Carosi}, R. and {Carqu{\'\i}n}, E. and {Carr}, J. and {Casanova}, S. and {Cascone}, E. and {Catalani}, F. and {Catalano}, O. and {Cauz}, D. and {Cerruti}, M. and {Chadwick}, P. and {Chaty}, S. and {Chaves}, R.~C.~G. and {Chen}, A. and {Chen}, X. and {Chernyakova}, M. and {Chikawa}, M. and {Christov}, A. and {Chudoba}, J. and {Cie{\'s}lar}, M. and {Coco}, V. and {Colafrancesco}, S. and {Colin}, P. and {Conforti}, V. and {Connaughton}, V. and {Conrad}, J. and {Contreras}, J.~L. and {Cortina}, J. and {Costa}, A. and {Costantini}, H. and {Cotter}, G. and {Covino}, S. and {Crocker}, R. and {Cuadra}, J. and {Cuevas}, O. and {Cumani}, P. and {D'A{\`\i}}, A. and {D'Ammando}, F. and {D'Avanzo}, P. and {D'Urso}, D. and {Daniel}, M. and {Davids}, I. and {Dawson}, B. and {Dazzi}, F. and {De Angelis}, A. and {de C{\'a}ssia dos Anjos}, R. and {De Cesare}, G. and {De Franco}, A. and {de Gouveia Dal Pino}, E.~M. and {de la Calle}, I. and {de los Reyes Lopez}, R. and {De Lotto}, B. and {De Luca}, A. and {De Lucia}, M. and {de Naurois}, M. and {de O{\~n}a Wilhelmi}, E. and {De Palma}, F. and {De Persio}, F. and {de Souza}, V. and {Deil}, C. and {Del Santo}, M. and {Delgado}, C. and {della Volpe}, D. and {Di Girolamo}, T. and {Di Pierro}, F. and {Di Venere}, L. and {D{\'\i}az}, C. and {Dib}, C. and {Diebold}, S. and {Djannati-Ata{\"\i}}, A. and {Dom{\'\i}nguez}, A. and {Dominis Prester}, D. and {Dorner}, D. and {Doro}, M. and {Drass}, H. and {Dravins}, D. and {Dubus}, G. and {Dwarkadas}, V.~V. and {Ebr}, J. and {Eckner}, C. and {Egberts}, K. and {Einecke}, S. and {Ekoume}, T.~R.~N. and {Els{\"a}sser}, D. and {Ernenwein}, J. -P. and {Espinoza}, C. and {Evoli}, C. and {Fairbairn}, M. and {Falceta-Goncalves}, D. and {Falcone}, A. and {Farnier}, C. and {Fasola}, G. and {Fedorova}, E. and {Fegan}, S. and {Fernandez-Alonso}, M. and {Fern{\'a}ndez-Barral}, A. and {Ferrand}, G. and {Fesquet}, M. and {Filipovic}, M. and {Fioretti}, V. and {Fontaine}, G. and {Fornasa}, M. and {Fortson}, L. and {Freixas Coromina}, L. and {Fruck}, C. and {Fujita}, Y. and {Fukazawa}, Y. and {Funk}, S. and {F{\"u}{\ss}ling}, M. and {Gabici}, S. and {Gadola}, A. and {Gallant}, Y. and {Garcia}, B. and {Garcia L{\'o}pez}, R. and {Garczarczyk}, M. and {Gaskins}, J. and {Gasparetto}, T. and {Gaug}, M. and {Gerard}, L. and {Giavitto}, G. and {Giglietto}, N. and {Giommi}, P. and {Giordano}, F. and {Giro}, E. and {Giroletti}, M. and {Giuliani}, A. and {Glicenstein}, J. -F. and {Gnatyk}, R. and {Godinovic}, N. and {Goldoni}, P. and {G{\'o}mez-Vargas}, G. and {Gonz{\'a}lez}, M.~M. and {Gonz{\'a}lez}, J.~M. and {G{\"o}tz}, D. and {Graham}, J. and {Grandi}, P. and {Granot}, J. and {Green}, A.~J. and {Greenshaw}, T. and {Griffiths}, S. and {Gunji}, S. and {Hadasch}, D. and {Hara}, S. and {Hardcastle}, M.~J. and {Hassan}, T. and {Hayashi}, K. and {Hayashida}, M. and {Heller}, M. and {Helo}, J.~C. and {Hermann}, G. and {Hinton}, J. and {Hnatyk}, B. and {Hofmann}, W. and {Holder}, J. and {Horan}, D. and {H{\"o}randel}, J. and {Horns}, D. and {Horvath}, P. and {Hovatta}, T. and {Hrabovsky}, M. and {Hrupec}, D. and {Humensky}, T.~B. and {H{\"u}tten}, M. and {Iarlori}, M. and {Inada}, T. and {Inome}, Y. and {Inoue}, S. and {Inoue}, T. and {Inoue}, Y. and {Iocco}, F. and {Ioka}, K. and {Iori}, M. and {Ishio}, K. and {Iwamura}, Y. and {Jamrozy}, M. and {Janecek}, P. and {Jankowsky}, D. and {Jean}, P. and {Jung-Richardt}, I. and {Jurysek}, J. and {Kaaret}, P. and {Karkar}, S. and {Katagiri}, H. and {Katz}, U. and {Kawanaka}, N. and {Kazanas}, D. and {Kh{\'e}lifi}, B. and {Kieda}, D.~B. and {Kimeswenger}, S. and {Kimura}, S. and {Kisaka}, S. and {Knapp}, J. and {Kn{\"o}dlseder}, J. and {Koch}, B. and {Kohri}, K. and {Komin}, N. and {Kosack}, K. and {Kraus}, M. and {Krause}, M. and {Krau{\ss}}, F. and {Kubo}, H. and {Kukec Mezek}, G. and {Kuroda}, H. and {Kushida}, J. and {La Palombara}, N. and {Lamanna}, G. and {Lang}, R.~G. and {Lapington}, J. and {Le Blanc}, O. and {Leach}, S. and {Lees}, J. -P. and {Lefaucheur}, J. and {Leigui de Oliveira}, M.~A. and {Lenain}, J. -P. and {Lico}, R. and {Limon}, M. and {Lindfors}, E. and {Lohse}, T. and {Lombardi}, S. and {Longo}, F. and {L{\'o}pez}, M. and {L{\'o}pez-Coto}, R. and {Lu}, C. -C. and {Lucarelli}, F. and {Luque-Escamilla}, P.~L. and {Lyard}, E. and {Maccarone}, M.~C. and {Maier}, G. and {Majumdar}, P. and {Malaguti}, G. and {Mandat}, D. and {Maneva}, G. and {Manganaro}, M. and {Mangano}, S. and {Marcowith}, A. and {Mar{\'\i}n}, J. and {Markoff}, S. and {Mart{\'\i}}, J. and {Martin}, P. and {Mart{\'\i}nez}, M. and {Mart{\'\i}nez}, G. and {Masetti}, N. and {Masuda}, S. and {Maurin}, G. and {Maxted}, N. and {Mazin}, D. and {Medina}, C. and {Melandri}, A. and {Mereghetti}, S. and {Meyer}, M. and {Minaya}, I.~A. and {Mirabal}, N. and {Mirzoyan}, R. and {Mitchell}, A. and {Mizuno}, T. and {Moderski}, R. and {Mohammed}, M. and {Mohrmann}, L. and {Montaruli}, T. and {Moralejo}, A. and {Morcuende-Parrilla}, D. and {Mori}, K. and {Morlino}, G. and {Morris}, P. and {Morselli}, A. and {Moulin}, E. and {Mukherjee}, R. and {Mundell}, C. and {Murach}, T. and {Muraishi}, H. and {Murase}, K. and {Nagai}, A. and {Nagataki}, S. and {Nagayoshi}, T. and {Naito}, T. and {Nakamori}, T. and {Nakamura}, Y. and {Niemiec}, J. and {Nieto}, D. and {Niko{\l}ajuk}, M. and {Nishijima}, K. and {Noda}, K. and {Nosek}, D. and {Novosyadlyj}, B. and {Nozaki}, S. and {O'Brien}, P. and {Oakes}, L. and {Ohira}, Y. and {Ohishi}, M. and {Ohm}, S. and {Okazaki}, N. and {Okumura}, A. and {Ong}, R.~A. and {Orienti}, M. and {Orito}, R. and {Osborne}, J.~P. and {Ostrowski}, M. and {Otte}, N. and {Oya}, I. and {Padovani}, M. and {Paizis}, A. and {Palatiello}, M. and {Palatka}, M. and {Paoletti}, R. and {Paredes}, J.~M. and {Pareschi}, G. and {Parsons}, R.~D. and {Pe'er}, A. and {Pech}, M. and {Pedaletti}, G. and {Perri}, M. and {Persic}, M. and {Petrashyk}, A. and {Petrucci}, P. and {Petruk}, O. and {Peyaud}, B. and {Pfeifer}, M. and {Piano}, G. and {Pisarski}, A. and {Pita}, S. and {Pohl}, M. and {Polo}, M. and {Pozo}, D. and {Prandini}, E. and {Prast}, J. and {Principe}, G. and {Prokhorov}, D. and {Prokoph}, H. and {Prouza}, M. and {P{\"u}hlhofer}, G. and {Punch}, M. and {P{\"u}rckhauer}, S. and {Queiroz}, F. and {Quirrenbach}, A. and {Rain{\`o}}, S. and {Razzaque}, S. and {Reimer}, O. and {Reimer}, A. and {Reisenegger}, A. and {Renaud}, M. and {Rezaeian}, A.~H. and {Rhode}, W. and {Ribeiro}, D. and {Rib{\'o}}, M. and {Richtler}, T. and {Rico}, J. and {Rieger}, F. and {Riquelme}, M. and {Rivoire}, S. and {Rizi}, V. and {Rodriguez}, J. and {Rodriguez Fernandez}, G. and {Rodr{\'\i}guez V{\'a}zquez}, J.~J. and {Rojas}, G. and {Romano}, P. and {Romeo}, G. and {Rosado}, J. and {Rovero}, A.~C. and {Rowell}, G. and {Rudak}, B. and {Rugliancich}, A. and {Rulten}, C. and {Sadeh}, I. and {Safi-Harb}, S. and {Saito}, T. and {Sakaki}, N. and {Sakurai}, S. and {Salina}, G. and {S{\'a}nchez-Conde}, M. and {Sandaker}, H. and {Sandoval}, A. and {Sangiorgi}, P. and {Sanguillon}, M. and {Sano}, H. and {Santander}, M. and {Sarkar}, S. and {Satalecka}, K. and {Saturni}, F.~G. and {Schioppa}, E.~J. and {Schlenstedt}, S. and {Schneider}, M. and {Schoorlemmer}, H. and {Schovanek}, P. and {Schulz}, A. and {Schussler}, F. and {Schwanke}, U. and {Sciacca}, E. and {Scuderi}, S. and {Seitenzahl}, I. and {Semikoz}, D. and {Sergijenko}, O. and {Servillat}, M. and {Shalchi}, A. and {Shellard}, R.~C. and {Sidoli}, L. and {Siejkowski}, H. and {Sillanp{\"a}{\"a}}, A. and {Sironi}, G. and {Sitarek}, J. and {Sliusar}, V. and {Slowikowska}, A. and {Sol}, H. and {Stamerra}, A. and {Stani{\v{c}}}, S. and {Starling}, R. and {Stawarz}, {\L}. and {Stefanik}, S. and {Stephan}, M. and {Stolarczyk}, T. and {Stratta}, G. and {Straumann}, U. and {Suomijarvi}, T. and {Supanitsky}, A.~D. and {Tagliaferri}, G. and {Tajima}, H. and {Tavani}, M. and {Tavecchio}, F. and {Tavernet}, J. -P. and {Tayabaly}, K. and {Tejedor}, L.~A. and {Temnikov}, P. and {Terada}, Y. and {Terrier}, R. and {Terzic}, T. and {Teshima}, M. and {Testa}, V. and {Thoudam}, S. and {Tian}, W. and {Tibaldo}, L. and {Tluczykont}, M. and {Todero Peixoto}, C.~J. and {Tokanai}, F. and {Tomastik}, J. and {Tonev}, D. and {Tornikoski}, M. and {Torres}, D.~F. and {Torresi}, E. and {Tosti}, G. and {Tothill}, N. and {Tovmassian}, G. and {Travnicek}, P. and {Trichard}, C. and {Trifoglio}, M. and {Troyano Pujadas}, I. and {Tsujimoto}, S. and {Umana}, G. and {Vagelli}, V. and {Vagnetti}, F. and {Valentino}, M. and {Vallania}, P. and {Valore}, L. and {van Eldik}, C. and {Vandenbroucke}, J. and {Varner}, G.~S. and {Vasileiadis}, G. and {Vassiliev}, V. and {V{\'a}zquez Acosta}, M. and {Vecchi}, M. and {Vega}, A. and {Vercellone}, S. and {Veres}, P. and {Vergani}, S. and {Verzi}, V. and {Vettolani}, G.~P. and {Viana}, A. and {Vigorito}, C. and {Villanueva}, J. and {Voelk}, H. and {Vollhardt}, A. and {Vorobiov}, S. and {Vrastil}, M. and {Vuillaume}, T. and {Wagner}, S.~J. and {Wagner}, R. and {Walter}, R. and {Ward}, J.~E. and {Warren}, D. and {Watson}, J.~J. and {Werner}, F. and {White}, M. and {White}, R. and {Wierzcholska}, A. and {Wilcox}, P. and {Will}, M. and {Williams}, D.~A. and {Wischnewski}, R. and {Wood}, M. and {Yamamoto}, T. and {Yamazaki}, R. and {Yanagita}, S. and {Yang}, L. and {Yoshida}, T. and {Yoshiike}, S. and {Yoshikoshi}, T. and {Zacharias}, M. and {Zaharijas}, G. and {Zampieri}, L. and {Zandanel}, F. and {Zanin}, R. and {Zavrtanik}, M. and {Zavrtanik}, D. and {Zdziarski}, A.~A. and {Zech}, A. and {Zechlin}, H. and {Zhdanov}, V.~I. and {Ziegler}, A. and {Zorn}, J.},
        title = "{Science with the Cherenkov Telescope Array}",
         year = 2019,
          doi = {10.1142/10986},
       adsurl = {https://ui.adsabs.harvard.edu/abs/2019scta.book.....C},
      adsnote = {Provided by the SAO/NASA Astrophysics Data System}
}

@ARTICLE{2021arXiv210903729R,
       author = {{Remy}, Q. and {Tibaldo}, L. and {Acero}, F. and {Fiori}, M. and {Kn{\"o}dlseder}, J. and {Olmi}, B. and {Sharma}, P.},
        title = "{Survey of the Galactic Plane with the CherenkovTelescope Array}",
      journal = {arXiv e-prints},
     keywords = {Astrophysics - Instrumentation and Methods for Astrophysics, Astrophysics - High Energy Astrophysical Phenomena},
         year = 2021,
        month = sep,
          eid = {arXiv:2109.03729},
        pages = {arXiv:2109.03729},
archivePrefix = {arXiv},
       eprint = {2109.03729},
 primaryClass = {astro-ph.IM},
       adsurl = {https://ui.adsabs.harvard.edu/abs/2021arXiv210903729R},
      adsnote = {Provided by the SAO/NASA Astrophysics Data System}
}

@ARTICLE{2016A&A...593A...1K,
       author = {{Kn{\"o}dlseder}, J. and {Mayer}, M. and {Deil}, C. and {Cayrou}, J. -B. and {Owen}, E. and {Kelley-Hoskins}, N. and {Lu}, C. -C. and {Buehler}, R. and {Forest}, F. and {Louge}, T. and {Siejkowski}, H. and {Kosack}, K. and {Gerard}, L. and {Schulz}, A. and {Martin}, P. and {Sanchez}, D. and {Ohm}, S. and {Hassan}, T. and {Brau-Nogu{\'e}}, S.},
        title = "{GammaLib and ctools. A software framework for the analysis of astronomical gamma-ray data}",
      journal = {\aap},
     keywords = {methods: data analysis, virtual observatory tools, Astrophysics - Instrumentation and Methods for Astrophysics, Astrophysics - High Energy Astrophysical Phenomena},
         year = 2016,
        month = aug,
       volume = {593},
          eid = {A1},
        pages = {A1},
          doi = {10.1051/0004-6361/201628822},
archivePrefix = {arXiv},
       eprint = {1606.00393},
 primaryClass = {astro-ph.IM},
       adsurl = {https://ui.adsabs.harvard.edu/abs/2016A&A...593A...1K},
      adsnote = {Provided by the SAO/NASA Astrophysics Data System}
}



@article{iminuit,
  author={Hans Dembinski and Piti Ongmongkolkul et al.},
  title={scikit-hep/iminuit},
  DOI={10.5281/zenodo.3949207},
  publisher={Zenodo},
  year={2020},
  month={Dec},
  url={https://doi.org/10.5281/zenodo.3949207}
}

@ARTICLE{2021arXiv211214573N,
       author = {{Nigro}, C. and {Sitarek}, J. and {Gliwny}, P. and {Sanchez}, D. and {Tramacere}, A. and {Craig}, M.},
        title = "{agnpy: An open-source python package modelling the radiative processes of jetted active galactic nuclei}",
      journal = {arXiv e-prints},
     keywords = {Astrophysics - Instrumentation and Methods for Astrophysics, Astrophysics - Astrophysics of Galaxies, Astrophysics - High Energy Astrophysical Phenomena},
         year = 2021,
        month = dec,
          eid = {arXiv:2112.14573},
        pages = {arXiv:2112.14573},
archivePrefix = {arXiv},
       eprint = {2112.14573},
 primaryClass = {astro-ph.IM},
       adsurl = {https://ui.adsabs.harvard.edu/abs/2021arXiv211214573N},
      adsnote = {Provided by the SAO/NASA Astrophysics Data System}
}

@ARTICLE{2020SciPy-NMeth,
  author  = {Virtanen, Pauli and Gommers, Ralf and Oliphant, Travis E. and
            Haberland, Matt and Reddy, Tyler and Cournapeau, David and
            Burovski, Evgeni and Peterson, Pearu and Weckesser, Warren and
            Bright, Jonathan and {van der Walt}, St{\'e}fan J. and
            Brett, Matthew and Wilson, Joshua and Millman, K. Jarrod and
            Mayorov, Nikolay and Nelson, Andrew R. J. and Jones, Eric and
            Kern, Robert and Larson, Eric and Carey, C J and
            Polat, {\.I}lhan and Feng, Yu and Moore, Eric W. and
            {VanderPlas}, Jake and Laxalde, Denis and Perktold, Josef and
            Cimrman, Robert and Henriksen, Ian and Quintero, E. A. and
            Harris, Charles R. and Archibald, Anne M. and
            Ribeiro, Ant{\^o}nio H. and Pedregosa, Fabian and
            {van Mulbregt}, Paul and {SciPy 1.0 Contributors}},
  title   = {{{SciPy} 1.0: Fundamental Algorithms for Scientific
            Computing in Python}},
  journal = {Nature Methods},
  year    = {2020},
  volume  = {17},
  pages   = {261--272},
  adsurl  = {https://rdcu.be/b08Wh},
  doi     = {10.1038/s41592-019-0686-2},
}

@inproceedings{pyfact,
	Adsnote = {Provided by the SAO/NASA Astrophysics Data System},
	Adsurl = {http://adsabs.harvard.edu/abs/2012AIPC.1505..789R},
	Author = {{Raue}, M. and {Deil}, C.},
	Booktitle = {American Institute of Physics Conference Series},
	Doi = {10.1063/1.4772378},
	Editor = {{Aharonian}, F.~A. and {Hofmann}, W. and {Rieger}, F.~M.},
	Month = dec,
	Pages = {789-792},
	Series = {American Institute of Physics Conference Series},
	Title = {{PyFACT: Python and FITS analysis for Cherenkov telescopes}},
	Volume = 1505,
	Year = 2012,
}


@article{astropy,
	Adsnote = {Provided by the SAO/NASA Astrophysics Data System},
	Adsurl = {http://adsabs.harvard.edu/abs/2013A%26A...558A..33A},
	Author = {{Astropy Collaboration} and {Robitaille}, T.~P. and {Tollerud}, E.~J. and {Greenfield}, P. and {Droettboom}, M. and {Bray}, E. and {Aldcroft}, T. and {Davis}, M. and {Ginsburg}, A. and {Price-Whelan}, A.~M. and {Kerzendorf}, W.~E. and {Conley}, A. and {Crighton}, N. and {Barbary}, K. and {Muna}, D. and {Ferguson}, H. and {Grollier}, F. and {Parikh}, M.~M. and {Nair}, P.~H. and {Unther}, H.~M. and {Deil}, C. and {Woillez}, J. and {Conseil}, S. and {Kramer}, R. and {Turner}, J.~E.~H. and {Singer}, L. and {Fox}, R. and {Weaver}, B.~A. and {Zabalza}, V. and {Edwards}, Z.~I. and {Azalee Bostroem}, K. and {Burke}, D.~J. and {Casey}, A.~R. and {Crawford}, S.~M. and {Dencheva}, N. and {Ely}, J. and {Jenness}, T. and {Labrie}, K. and {Lian Lim}, P. and {Pierfederici}, F. and {Pontzen}, A. and {Ptak}, A. and {Refsdal}, B. and {Servillat}, M. and {Streicher}, O.},
	Doi = {10.1051/0004-6361/201322068},
	Eid = {A33},
	Journal = {\aap},
	Keywords = {methods: data analysis, methods: miscellaneous, virtual observatory tools},
	Month = oct,
	Pages = {A33},
	Title = {{Astropy: A community Python package for astronomy}},
	Volume = 558,
	Year = 2013,
}

@ARTICLE{astropy_v2,
       author = {{Astropy Collaboration} and {Price-Whelan}, A.~M. and {Sip{\H{o}}cz}, B.~M. and {G{\"u}nther}, H.~M. and {Lim}, P.~L. and {Crawford}, S.~M. and {Conseil}, S. and {Shupe}, D.~L. and {Craig}, M.~W. and {Dencheva}, N. and {Ginsburg}, A. and {VanderPlas}, J.~T. and {Bradley}, L.~D. and {P{\'e}rez-Su{\'a}rez}, D. and {de Val-Borro}, M. and {Aldcroft}, T.~L. and {Cruz}, K.~L. and {Robitaille}, T.~P. and {Tollerud}, E.~J. and {Ardelean}, C. and {Babej}, T. and {Bach}, Y.~P. and {Bachetti}, M. and {Bakanov}, A.~V. and {Bamford}, S.~P. and {Barentsen}, G. and {Barmby}, P. and {Baumbach}, A. and {Berry}, K.~L. and {Biscani}, F. and {Boquien}, M. and {Bostroem}, K.~A. and {Bouma}, L.~G. and {Brammer}, G.~B. and {Bray}, E.~M. and {Breytenbach}, H. and {Buddelmeijer}, H. and {Burke}, D.~J. and {Calderone}, G. and {Cano Rodr{\'\i}guez}, J.~L. and {Cara}, M. and {Cardoso}, J.~V.~M. and {Cheedella}, S. and {Copin}, Y. and {Corrales}, L. and {Crichton}, D. and {D'Avella}, D. and {Deil}, C. and {Depagne}, {\'E}. and {Dietrich}, J.~P. and {Donath}, A. and {Droettboom}, M. and {Earl}, N. and {Erben}, T. and {Fabbro}, S. and {Ferreira}, L.~A. and {Finethy}, T. and {Fox}, R.~T. and {Garrison}, L.~H. and {Gibbons}, S.~L.~J. and {Goldstein}, D.~A. and {Gommers}, R. and {Greco}, J.~P. and {Greenfield}, P. and {Groener}, A.~M. and {Grollier}, F. and {Hagen}, A. and {Hirst}, P. and {Homeier}, D. and {Horton}, A.~J. and {Hosseinzadeh}, G. and {Hu}, L. and {Hunkeler}, J.~S. and {Ivezi{\'c}}, {\v{Z}}. and {Jain}, A. and {Jenness}, T. and {Kanarek}, G. and {Kendrew}, S. and {Kern}, N.~S. and {Kerzendorf}, W.~E. and {Khvalko}, A. and {King}, J. and {Kirkby}, D. and {Kulkarni}, A.~M. and {Kumar}, A. and {Lee}, A. and {Lenz}, D. and {Littlefair}, S.~P. and {Ma}, Z. and {Macleod}, D.~M. and {Mastropietro}, M. and {McCully}, C. and {Montagnac}, S. and {Morris}, B.~M. and {Mueller}, M. and {Mumford}, S.~J. and {Muna}, D. and {Murphy}, N.~A. and {Nelson}, S. and {Nguyen}, G.~H. and {Ninan}, J.~P. and {N{\"o}the}, M. and {Ogaz}, S. and {Oh}, S. and {Parejko}, J.~K. and {Parley}, N. and {Pascual}, S. and {Patil}, R. and {Patil}, A.~A. and {Plunkett}, A.~L. and {Prochaska}, J.~X. and {Rastogi}, T. and {Reddy Janga}, V. and {Sabater}, J. and {Sakurikar}, P. and {Seifert}, M. and {Sherbert}, L.~E. and {Sherwood-Taylor}, H. and {Shih}, A.~Y. and {Sick}, J. and {Silbiger}, M.~T. and {Singanamalla}, S. and {Singer}, L.~P. and {Sladen}, P.~H. and {Sooley}, K.~A. and {Sornarajah}, S. and {Streicher}, O. and {Teuben}, P. and {Thomas}, S.~W. and {Tremblay}, G.~R. and {Turner}, J.~E.~H. and {Terr{\'o}n}, V. and {van Kerkwijk}, M.~H. and {de la Vega}, A. and {Watkins}, L.~L. and {Weaver}, B.~A. and {Whitmore}, J.~B. and {Woillez}, J. and {Zabalza}, V. and {Astropy Contributors}},
        title = "{The Astropy Project: Building an Open-science Project and Status of the v2.0 Core Package}",
      journal = {\aj},
     keywords = {methods: data analysis, methods: miscellaneous, methods: statistical, reference systems, Astrophysics - Instrumentation and Methods for Astrophysics},
         year = 2018,
        month = sep,
       volume = {156},
       number = {3},
          eid = {123},
        pages = {123},
          doi = {10.3847/1538-3881/aabc4f},
archivePrefix = {arXiv},
       eprint = {1801.02634},
 primaryClass = {astro-ph.IM},
       adsurl = {https://ui.adsabs.harvard.edu/abs/2018AJ....156..123A},
      adsnote = {Provided by the SAO/NASA Astrophysics Data System}
}

@ARTICLE{astropy_v5,
       author = {{The Astropy Collaboration} and {Price-Whelan}, Adrian M. and {Lian Lim}, Pey and {Earl}, Nicholas and {Starkman}, Nathaniel and {Bradley}, Larry and {Shupe}, David L. and {Patil}, Aarya A. and {Corrales}, Lia and {Brasseur}, C.~E. and {N{\"o}the}, Maximilian and {Donath}, Axel and {Tollerud}, Erik and {Morris}, Brett M. and {Ginsburg}, Adam and {Vaher}, Eero and {Weaver}, Benjamin A. and {Tocknell}, James and {Jamieson}, William and {van Kerkwijk}, Marten H. and {Robitaille}, Thomas P. and {Merry}, Bruce and {Bachetti}, Matteo and {G{\"u}nther}, H. Moritz and {Aldcroft}, Thomas L. and {Alvarado-Montes}, Jaime A. and {Archibald}, Anne M. and {B{\'o}di}, Attila and {Bapat}, Shreyas and {Barentsen}, Geert and {Baz{\'a}n}, Juanjo and {Biswas}, Manish and {Boquien}, M{\'e}d{\'e}ric and {Burke}, D.~J. and {Cara}, Daria and {Cara}, Mihai and {E Conroy}, Kyle and {Conseil}, Simon and {Craig}, Matthew W. and {Cross}, Robert M. and {Cruz}, Kelle L. and {D'Eugenio}, Francesco and {Dencheva}, Nadia and {Devillepoix}, Hadrien A.~R. and {Dietrich}, J{\"o}rg P. and {Davis Eigenbrot}, Arthur and {Erben}, Thomas and {Ferreira}, Leonardo and {Foreman-Mackey}, Daniel and {Fox}, Ryan and {Freij}, Nabil and {Garg}, Suyog and {Geda}, Robel and {Glattly}, Lauren and {Gondhalekar}, Yash and {Gordon}, Karl D. and {Grant}, David and {Greenfield}, Perry and {Groener}, Austen M. and {Guest}, Steve and {Gurovich}, Sebastian and {Handberg}, Rasmus and {Hart}, Akeem and {Hatfield-Dodds}, Zac and {Homeier}, Derek and {Hosseinzadeh}, Griffin and {Jenness}, Tim and {Jones}, Craig K. and {Joseph}, Prajwel and {Bryce Kalmbach}, J. and {Karamehmetoglu}, Emir and {Ka{\l}uszy{\'n}ski}, Miko{\l}aj and {Kelley}, Michael S.~P. and {Kern}, Nicholas and {Kerzendorf}, Wolfgang E. and {Koch}, Eric W. and {Kulumani}, Shankar and {Lee}, Antony and {Ly}, Chun and {Ma}, Zhiyuan and {MacBride}, Conor and {Maljaars}, Jakob M. and {Muna}, Demitri and {Murphy}, N.~A. and {Norman}, Henrik and {O'Steen}, Richard and {Oman}, Kyle A. and {Pacifici}, Camilla and {Pascual}, Sergio and {Pascual-Granado}, J. and {Patil}, Rohit R. and {Perren}, Gabriel I and {Pickering}, Timothy E. and {Rastogi}, Tanuj and {Roulston}, Benjamin R. and {Ryan}, Daniel F and {Rykoff}, Eli S. and {Sabater}, Jose and {Sakurikar}, Parikshit and {Salgado}, Jes{\'u}s and {Sanghi}, Aniket and {Saunders}, Nicholas and {Savchenko}, Volodymyr and {Schwardt}, Ludwig and {Seifert-Eckert}, Michael and {Shih}, Albert Y. and {Shrey Jain}, Anany and {Shukla}, Gyanendra and {Sick}, Jonathan and {Simpson}, Chris and {Singanamalla}, Sudheesh and {Singer}, Leo P. and {Singhal}, Jaladh and {Sinha}, Manodeep and {Sip{\H{o}}cz}, Brigitta M. and {Spitler}, Lee R. and {Stansby}, David and {Streicher}, Ole and {{\v{S}}umak}, Jani and {Swinbank}, John D. and {Taranu}, Dan S. and {Tewary}, Nikita and {Tremblay}, Grant R. and {de Val-Borro}, Miguel and {Van Kooten}, Samuel J. and {Vasovi{\'c}}, Zlatan and {Verma}, Shresth and {Cardoso}, Jos{\'e} Vin{\'\i}cius de Miranda and {Williams}, Peter K.~G. and {Wilson}, Tom J. and {Winkel}, Benjamin and {Wood-Vasey}, W.~M. and {Xue}, Rui and {Yoachim}, Peter and {ZHANG}, Chen and {Zonca}, Andrea},
        title = "{The Astropy Project: Sustaining and Growing a Community-oriented Open-source Project and the Latest Major Release (v5.0) of the Core Package}",
      journal = {arXiv e-prints},
     keywords = {Astrophysics - Instrumentation and Methods for Astrophysics},
         year = 2022,
        month = jun,
          eid = {arXiv:2206.14220},
        pages = {arXiv:2206.14220},
archivePrefix = {arXiv},
       eprint = {2206.14220},
 primaryClass = {astro-ph.IM},
       adsurl = {https://ui.adsabs.harvard.edu/abs/2022arXiv220614220T},
      adsnote = {Provided by the SAO/NASA Astrophysics Data System}
}

@article{ctools,
	Adsnote = {Provided by the SAO/NASA Astrophysics Data System},
	Adsurl = {http://adsabs.harvard.edu/abs/2016arXiv160600393K},
	Archiveprefix = {arXiv},
	Author = {{Kn{\"o}dlseder}, J. and {Mayer}, M. and {Deil}, C. and {Cayrou}, J.-B. and {Owen}, E. and {Kelley-Hoskins}, N. and {Lu}, C.-C. and {Buehler}, R. and {Forest}, F. and {Louge}, T. and {Siejkowski}, H. and {Kosack}, K. and {Gerard}, L. and {Schulz}, A. and {Martin}, P. and {Sanchez}, D. and {Ohm}, S. and {Hassan}, T. and {Brau-Nogu{\'e}}, S.},
	Eprint = {1606.00393},
	Journal = {ArXiv e-prints},
	Keywords = {Astrophysics - Instrumentation and Methods for Astrophysics, Astrophysics - High Energy Astrophysical Phenomena},
	Month = jun,
	Primaryclass = {astro-ph.IM},
	Title = {{GammaLib and ctools: A software framework for the analysis of astronomical gamma-ray data}},
	Year = 2016,
}


@article{fits,
	Abstract = {The Flexible Image Transport System (FITS) has been used by astronomers for over 30 years as a data interchange and archiving format; FITS files are now handled by a wide range of astronomical software packages. Since the FITS format definition document (the ``standard'') was last printed in this journal in 2001, several new features have been developed and standardized, notably support for 64-bit integers in images and tables, variable-length arrays in tables, and new world coordinate system conventions which provide a mapping from an element in a data array to a physical coordinate on the sky or within a spectrum. The FITS Working Group of the International Astronomical Union has therefore produced this new version 3.0 of the FITS standard, which is provided here in its entirety. In addition to describing the new features in FITS, numerous editorial changes were made to the previous version to clarify and reorganize many of the sections. Also included are some appendices which are not formally part of the standard. The FITS standard is likely to undergo further evolution, in which case the latest version may be found on the FITS Support Office Web site at <ext-link ext-link-type="uri" xlink:href="http://fits.gsfc.nasa.gov/">http://fits.gsfc.nasa.gov/</ext-link>, which also provides many links to FITS-related resources.},
	Adsnote = {Provided by the SAO/NASA Astrophysics Data System},
	Adsurl = {http://adsabs.harvard.edu/abs/2010A%26A...524A..42P},
	Author = {{Pence}, W.~D. and {Chiappetti}, L. and {Page}, C.~G. and {Shaw}, R.~A. and {Stobie}, E.},
	Doi = {10.1051/0004-6361/201015362},
	Journal = {AAP},
	Keywords = {instrumentation: miscellaneous, methods: miscellaneous, techniques: miscellaneous, reference systems, standards, astronomical databases: miscellaneous},
	Month = dec,
	Pages = {A42+},
	Title = {{Definition of the Flexible Image Transport System (FITS), version 3.0}},
	Volume = 524,
	Year = 2010,
}


@INPROCEEDINGS{gadf_proc,
       author = {{Deil}, Christoph and {Boisson}, Catherine and {Kosack}, Karl and {Perkins}, Jeremy and {King}, Johannes and {Eger}, Peter and {Mayer}, Michael and {Wood}, Matthew and {Zabalza}, Victor and {Kn{\"o}dlseder}, J{\"u}rgen and {Hassan}, Tarek and {Mohrmann}, Lars and {Ziegler}, Alexander and {Khelifi}, Bruno and {Dorner}, Daniela and {Maier}, Gernot and {Pedaletti}, Giovanna and {Rosado}, Jaime and {Contreras}, Jos{\'e} Luis and {Lefaucheur}, Julien and {Br{\"u}gge}, Kai and {Servillat}, Mathieu and {Terrier}, R{\'e}gis and {Walter}, Roland and {Lombardi}, Saverio},
        title = "{Open high-level data formats and software for gamma-ray astronomy}",
     keywords = {Astrophysics - Instrumentation and Methods for Astrophysics, Astrophysics - High Energy Astrophysical Phenomena},
    booktitle = {6th International Symposium on High Energy Gamma-Ray Astronomy},
         year = 2017,
       series = {American Institute of Physics Conference Series},
       volume = {1792},
        month = jan,
          eid = {070006},
        pages = {070006},
          doi = {10.1063/1.4969003},
archivePrefix = {arXiv},
       eprint = {1610.01884},
 primaryClass = {astro-ph.IM},
       adsurl = {https://ui.adsabs.harvard.edu/abs/2017AIPC.1792g0006D},
      adsnote = {Provided by the SAO/NASA Astrophysics Data System}
}


@ARTICLE{gadf_universe,
       author = {{Nigro}, Cosimo and {Hassan}, Tarek and {Olivera-Nieto}, Laura},
        title = "{Evolution of Data Formats in Very-High-Energy Gamma-Ray Astronomy}",
      journal = {Universe},
     keywords = {Astrophysics - Instrumentation and Methods for Astrophysics},
         year = 2021,
        month = oct,
       volume = {7},
       number = {10},
        pages = {374},
          doi = {10.3390/universe7100374},
archivePrefix = {arXiv},
       eprint = {2109.14661},
 primaryClass = {astro-ph.IM},
       adsurl = {https://ui.adsabs.harvard.edu/abs/2021Univ....7..374N},
      adsnote = {Provided by the SAO/NASA Astrophysics Data System}
}


@misc{gadf-zenodo,
  author       = {Authors tbd (all contributors to the spec)},
  title        = {Data formats for gamma-ray astronomy : Version 1.0},
  month        = tbd,
  year         = tbd,
  doi          = {tbd (on zenodo)},
  url          = {https://github.com/open-gamma-ray-astro/gamma-astro-data-formats/}
}

@inproceedings{sherpa-2011,
	Author = {Brian Refsdal and Stephen Doe and Dan Nguyen and Aneta Siemiginowska},
	Booktitle = {10th SciPy Conference},
	Pages = {4 - 10},
	Title = {Fitting and Estimating Parameter Confidence Limits with Sherpa},
	Year = {2011},
}


@inproceedings{sherpa-2009,
	Author = {Brian L. Refsdal and Stephen M. Doe and Dan T. Nguyen and Aneta L. Siemiginowska and Nina R. Bonaventura and Douglas Burke and Ian N. Evans and Janet D. Evans and Antonella Fruscione and Elizabeth C. Galle and John C. Houck and Margarita Karovska and Nicholas P. Lee and Michael A. Nowak},
	Booktitle = {8th SciPy Conference},
	Pages = {51 - 57},
	Read = {1},
	Title = {Sherpa: 1D/2D modeling and fitting in Python},
	Year = {2009}}
}


@article{naima,
	Adsnote = {Provided by the SAO/NASA Astrophysics Data System},
	Adsurl = {http://adsabs.harvard.edu/abs/2015arXiv150903319Z},
	Archiveprefix = {arXiv},
	Author = {{Zabalza}, V.},
	Eprint = {1509.03319},
	Journal = {ArXiv e-prints},
	Keywords = {Astrophysics - High Energy Astrophysical Phenomena},
	Month = sep,
	Primaryclass = {astro-ph.HE},
	Title = {{naima: a Python package for inference of relativistic particle energy distributions from observed nonthermal spectra}},
	Year = 2015,
}

@article{Owen2015,
	Adsnote = {Provided by the SAO/NASA Astrophysics Data System},
	Adsurl = {http://adsabs.harvard.edu/abs/2015arXiv150602319O},
	Archiveprefix = {arXiv},
	Author = {{Owen et al.}, E.},
	Eprint = {1506.02319},
	Journal = {{PoS(SciNeGHE2014)}},
	Volume = {34},
	Keywords = {Gammapy, Fermi, Diffuse},
	Month = jun,
	Primaryclass = {astro-ph.HE},
	Title = {{The gamma-ray Milky Way above 10 GeV: Distinguishing Sources from Diffuse Emission}},
	Year = 2015,
}

@article{Stewart2009,
   author = {{Stewart}, I.~M.},
    title = "{Maximum-likelihood detection of sources among Poissonian noise}",
  journal = {\aap},
archivePrefix = "arXiv",
   eprint = {0901.3276},
 primaryClass = "astro-ph.IM",
 keywords = {methods: data analysis, techniques: image processing, X-rays: general},
     year = 2009,
    month = mar,
   volume = 495,
    pages = {989-1003},
      doi = {10.1051/0004-6361:200811311},
   adsurl = {http://adsabs.harvard.edu/abs/2009A%26A...495..989S},
  adsnote = {Provided by the SAO/NASA Astrophysics Data System}
}

@ARTICLE{Berge07,
       author = {{Berge}, D. and {Funk}, S. and {Hinton}, J.},
        title = "{Background modelling in very-high-energy {\ensuremath{\gamma}}-ray astronomy}",
      journal = {\aap},
     keywords = {gamma rays: observations, methods: data analysis, Astrophysics},
         year = 2007,
        month = may,
       volume = {466},
       number = {3},
        pages = {1219-1229},
          doi = {10.1051/0004-6361:20066674},
archivePrefix = {arXiv},
       eprint = {astro-ph/0610959},
 primaryClass = {astro-ph},
       adsurl = {https://ui.adsabs.harvard.edu/abs/2007A&A...466.1219B},
      adsnote = {Provided by the SAO/NASA Astrophysics Data System}
}

@Article{Calabretta2002,
  author        = {Calabretta, M. R. and Greisen, E. W.},
  journal       = {\aap},
  title         = {Representations of celestial coordinates in FITS},
  year          = {2002},
  month         = dec,
  pages         = {1077-1122},
  volume        = {395},
  abstract      = {In Paper I, Greisen \& Calabretta (cite\{kn:Paper1\})         describe a generalized method for assigning physical coordinates         to FITS image pixels. This paper implements this method for all         spherical map projections likely to be of interest in astronomy.         The new methods encompass existing informal FITS spherical         coordinate conventions and translations from them are described.         Detailed examples of header interpretation and construction are         given.},
  archiveprefix = {arXiv},
  doi           = {10.1051/0004-6361:20021327},
  eprint        = {astro-ph/0207413},
  keywords      = {methods: data analysis, techniques: image processing, astronomical data bases: miscellaneous, astrometry, Astrophysics},
  primaryclass  = {astro-ph},
  url           = {https://ui.adsabs.harvard.edu/abs/2002A&A...395.1077C},
}

@Article{Gorski2005,
  author        = {G{\'o}rski, K. M. and Hivon, E. and Banday, A. J. and Wandelt, B. D. and Hansen, F. K. and Reinecke, M. and Bartelmann, M.},
  journal       = {\apj},
  title         = {HEALPix: A Framework for High-Resolution Discretization and Fast Analysis of Data Distributed on the Sphere},
  year          = {2005},
  month         = apr,
  number        = {2},
  pages         = {759-771},
  volume        = {622},
  abstract      = {HEALPix-the Hierarchical Equal Area isoLatitude Pixelization-is a         versatile structure for the pixelization of data on the sphere.         An associated library of computational algorithms and         visualization software supports fast scientific applications         executable directly on discretized spherical maps generated from         very large volumes of astronomical data. Originally developed to         address the data processing and analysis needs of the present         generation of cosmic microwave background experiments (e.g.,         BOOMERANG, WMAP), HEALPix can be expanded to meet many of the         profound challenges that will arise in confrontation with the         observational output of future missions and experiments,         including, e.g., Planck, Herschel, SAFIR, and the Beyond         Einstein inflation probe. In this paper we consider the         requirements and implementation constraints on a framework that         simultaneously enables an efficient discretization with         associated hierarchical indexation and fast analysis/synthesis         of functions defined on the sphere. We demonstrate how these are         explicitly satisfied by HEALPix.},
  archiveprefix = {arXiv},
  doi           = {10.1086/427976},
  eprint        = {astro-ph/0409513},
  keywords      = {Cosmology: Cosmic Microwave Background, Cosmology: Observations, Methods: Statistical, Astrophysics},
  primaryclass  = {astro-ph},
  url           = {https://ui.adsabs.harvard.edu/abs/2005ApJ...622..759G},
}

@misc{gamma-cat, title={Gammapy/gamma-cat: An open data collection and source catalog for Gamma-Ray Astronomy}, url={https://github.com/gammapy/gamma-cat}, journal={GitHub}, author={Gamma-cat}} }

@ARTICLE{3FGL,
       author = {{Acero}, F. and {Ackermann}, M. and {Ajello}, M. and {Albert}, A. and {Atwood}, W.~B. and {Axelsson}, M. and {Baldini}, L. and {Ballet}, J. and {Barbiellini}, G. and {Bastieri}, D. and {Belfiore}, A. and {Bellazzini}, R. and {Bissaldi}, E. and {Blandford}, R.~D. and {Bloom}, E.~D. and {Bogart}, J.~R. and {Bonino}, R. and {Bottacini}, E. and {Bregeon}, J. and {Britto}, R.~J. and {Bruel}, P. and {Buehler}, R. and {Burnett}, T.~H. and {Buson}, S. and {Caliandro}, G.~A. and {Cameron}, R.~A. and {Caputo}, R. and {Caragiulo}, M. and {Caraveo}, P.~A. and {Casandjian}, J.~M. and {Cavazzuti}, E. and {Charles}, E. and {Chaves}, R.~C.~G. and {Chekhtman}, A. and {Cheung}, C.~C. and {Chiang}, J. and {Chiaro}, G. and {Ciprini}, S. and {Claus}, R. and {Cohen-Tanugi}, J. and {Cominsky}, L.~R. and {Conrad}, J. and {Cutini}, S. and {D'Ammando}, F. and {de Angelis}, A. and {DeKlotz}, M. and {de Palma}, F. and {Desiante}, R. and {Digel}, S.~W. and {Di Venere}, L. and {Drell}, P.~S. and {Dubois}, R. and {Dumora}, D. and {Favuzzi}, C. and {Fegan}, S.~J. and {Ferrara}, E.~C. and {Finke}, J. and {Franckowiak}, A. and {Fukazawa}, Y. and {Funk}, S. and {Fusco}, P. and {Gargano}, F. and {Gasparrini}, D. and {Giebels}, B. and {Giglietto}, N. and {Giommi}, P. and {Giordano}, F. and {Giroletti}, M. and {Glanzman}, T. and {Godfrey}, G. and {Grenier}, I.~A. and {Grondin}, M. -H. and {Grove}, J.~E. and {Guillemot}, L. and {Guiriec}, S. and {Hadasch}, D. and {Harding}, A.~K. and {Hays}, E. and {Hewitt}, J.~W. and {Hill}, A.~B. and {Horan}, D. and {Iafrate}, G. and {Jogler}, T. and {J{\'o}hannesson}, G. and {Johnson}, R.~P. and {Johnson}, A.~S. and {Johnson}, T.~J. and {Johnson}, W.~N. and {Kamae}, T. and {Kataoka}, J. and {Katsuta}, J. and {Kuss}, M. and {La Mura}, G. and {Landriu}, D. and {Larsson}, S. and {Latronico}, L. and {Lemoine-Goumard}, M. and {Li}, J. and {Li}, L. and {Longo}, F. and {Loparco}, F. and {Lott}, B. and {Lovellette}, M.~N. and {Lubrano}, P. and {Madejski}, G.~M. and {Massaro}, F. and {Mayer}, M. and {Mazziotta}, M.~N. and {McEnery}, J.~E. and {Michelson}, P.~F. and {Mirabal}, N. and {Mizuno}, T. and {Moiseev}, A.~A. and {Mongelli}, M. and {Monzani}, M.~E. and {Morselli}, A. and {Moskalenko}, I.~V. and {Murgia}, S. and {Nuss}, E. and {Ohno}, M. and {Ohsugi}, T. and {Omodei}, N. and {Orienti}, M. and {Orlando}, E. and {Ormes}, J.~F. and {Paneque}, D. and {Panetta}, J.~H. and {Perkins}, J.~S. and {Pesce-Rollins}, M. and {Piron}, F. and {Pivato}, G. and {Porter}, T.~A. and {Racusin}, J.~L. and {Rando}, R. and {Razzano}, M. and {Razzaque}, S. and {Reimer}, A. and {Reimer}, O. and {Reposeur}, T. and {Rochester}, L.~S. and {Romani}, R.~W. and {Salvetti}, D. and {S{\'a}nchez-Conde}, M. and {Saz Parkinson}, P.~M. and {Schulz}, A. and {Siskind}, E.~J. and {Smith}, D.~A. and {Spada}, F. and {Spandre}, G. and {Spinelli}, P. and {Stephens}, T.~E. and {Strong}, A.~W. and {Suson}, D.~J. and {Takahashi}, H. and {Takahashi}, T. and {Tanaka}, Y. and {Thayer}, J.~G. and {Thayer}, J.~B. and {Thompson}, D.~J. and {Tibaldo}, L. and {Tibolla}, O. and {Torres}, D.~F. and {Torresi}, E. and {Tosti}, G. and {Troja}, E. and {Van Klaveren}, B. and {Vianello}, G. and {Winer}, B.~L. and {Wood}, K.~S. and {Wood}, M. and {Zimmer}, S. and {Fermi-LAT Collaboration}},
        title = "{Fermi Large Area Telescope Third Source Catalog}",
      journal = {\apjs},
     keywords = {catalogs, gamma rays: general, Astrophysics - High Energy Astrophysical Phenomena},
         year = 2015,
        month = jun,
       volume = {218},
       number = {2},
          eid = {23},
        pages = {23},
          doi = {10.1088/0067-0049/218/2/23},
archivePrefix = {arXiv},
       eprint = {1501.02003},
 primaryClass = {astro-ph.HE},
       adsurl = {https://ui.adsabs.harvard.edu/abs/2015ApJS..218...23A},
      adsnote = {Provided by the SAO/NASA Astrophysics Data System}
}



@article{4FGL,
   title={Fermi Large Area Telescope Fourth Source Catalog},
   volume={247},
   ISSN={1538-4365},
   url={http://dx.doi.org/10.3847/1538-4365/ab6bcb},
   DOI={10.3847/1538-4365/ab6bcb},
   number={1},
   journal={The Astrophysical Journal Supplement Series},
   publisher={American Astronomical Society},
   author={Abdollahi, S. and Acero, F. and Ackermann, M. and Ajello, M. and Atwood, W. B. and Axelsson, M. and Baldini, L. and Ballet, J. and Barbiellini, G. and Bastieri, D. and Becerra Gonzalez, J. and Bellazzini, R. and Berretta, A. and Bissaldi, E. and Blandford, R. D. and Bloom, E. D. and Bonino, R. and Bottacini, E. and Brandt, T. J. and Bregeon, J. and Bruel, P. and Buehler, R. and Burnett, T. H. and Buson, S. and Cameron, R. A. and Caputo, R. and Caraveo, P. A. and Casandjian, J. M. and Castro, D. and Cavazzuti, E. and Charles, E. and Chaty, S. and Chen, S. and Cheung, C. C. and Chiaro, G. and Ciprini, S. and Cohen-Tanugi, J. and Cominsky, L. R. and Coronado-Blázquez, J. and Costantin, D. and Cuoco, A. and Cutini, S. and D’Ammando, F. and DeKlotz, M. and Torre Luque, P. de la and de Palma, F. and Desai, A. and Digel, S. W. and Lalla, N. Di and Mauro, M. Di and Venere, L. Di and Domínguez, A. and Dumora, D. and Dirirsa, F. Fana and Fegan, S. J. and Ferrara, E. C. and Franckowiak, A. and Fukazawa, Y. and Funk, S. and Fusco, P. and Gargano, F. and Gasparrini, D. and Giglietto, N. and Giommi, P. and Giordano, F. and Giroletti, M. and Glanzman, T. and Green, D. and Grenier, I. A. and Griffin, S. and Grondin, M.-H. and Grove, J. E. and Guiriec, S. and Harding, A. K. and Hayashi, K. and Hays, E. and Hewitt, J. W. and Horan, D. and Jóhannesson, G. and Johnson, T. J. and Kamae, T. and Kerr, M. and Kocevski, D. and Kovac’evic’, M. and Kuss, M. and Landriu, D. and Larsson, S. and Latronico, L. and Lemoine-Goumard, M. and Li, J. and Liodakis, I. and Longo, F. and Loparco, F. and Lott, B. and Lovellette, M. N. and Lubrano, P. and Madejski, G. M. and Maldera, S. and Malyshev, D. and Manfreda, A. and Marchesini, E. J. and Marcotulli, L. and Martí-Devesa, G. and Martin, P. and Massaro, F. and Mazziotta, M. N. and McEnery, J. E. and Mereu, I. and Meyer, M. and Michelson, P. F. and Mirabal, N. and Mizuno, T. and Monzani, M. E. and Morselli, A. and Moskalenko, I. V. and Negro, M. and Nuss, E. and Ojha, R. and Omodei, N. and Orienti, M. and Orlando, E. and Ormes, J. F. and Palatiello, M. and Paliya, V. S. and Paneque, D. and Pei, Z. and Peña-Herazo, H. and Perkins, J. S. and Persic, M. and Pesce-Rollins, M. and Petrosian, V. and Petrov, L. and Piron, F. and Poon, H. and Porter, T. A. and Principe, G. and Rainò, S. and Rando, R. and Razzano, M. and Razzaque, S. and Reimer, A. and Reimer, O. and Remy, Q. and Reposeur, T. and Romani, R. W. and Parkinson, P. M. Saz and Schinzel, F. K. and Serini, D. and Sgrò, C. and Siskind, E. J. and Smith, D. A. and Spandre, G. and Spinelli, P. and Strong, A. W. and Suson, D. J. and Tajima, H. and Takahashi, M. N. and Tak, D. and Thayer, J. B. and Thompson, D. J. and Tibaldo, L. and Torres, D. F. and Torresi, E. and Valverde, J. and Klaveren, B. Van and Zyl, P. van and Wood, K. and Yassine, M. and Zaharijas, G.},
   year={2020},
   month={Mar},
   pages={33} }


@ARTICLE{2FHL,
       author = {{Ackermann}, M. and {Ajello}, M. and {Atwood}, W.~B. and {Baldini}, L. and {Ballet}, J. and {Barbiellini}, G. and {Bastieri}, D. and {Becerra Gonzalez}, J. and {Bellazzini}, R. and {Bissaldi}, E. and {Blandford}, R.~D. and {Bloom}, E.~D. and {Bonino}, R. and {Bottacini}, E. and {Brandt}, T.~J. and {Bregeon}, J. and {Bruel}, P. and {Buehler}, R. and {Buson}, S. and {Caliandro}, G.~A. and {Cameron}, R.~A. and {Caputo}, R. and {Caragiulo}, M. and {Caraveo}, P.~A. and {Cavazzuti}, E. and {Cecchi}, C. and {Charles}, E. and {Chekhtman}, A. and {Cheung}, C.~C. and {Chiang}, J. and {Chiaro}, G. and {Ciprini}, S. and {Cohen}, J.~M. and {Cohen-Tanugi}, J. and {Cominsky}, L.~R. and {Conrad}, J. and {Cuoco}, A. and {Cutini}, S. and {D'Ammando}, F. and {de Angelis}, A. and {de Palma}, F. and {Desiante}, R. and {Di Mauro}, M. and {Di Venere}, L. and {Dom{\'\i}nguez}, A. and {Drell}, P.~S. and {Favuzzi}, C. and {Fegan}, S.~J. and {Ferrara}, E.~C. and {Focke}, W.~B. and {Fortin}, P. and {Franckowiak}, A. and {Fukazawa}, Y. and {Funk}, S. and {Furniss}, A.~K. and {Fusco}, P. and {Gargano}, F. and {Gasparrini}, D. and {Giglietto}, N. and {Giommi}, P. and {Giordano}, F. and {Giroletti}, M. and {Glanzman}, T. and {Godfrey}, G. and {Grenier}, I.~A. and {Grondin}, M. -H. and {Guillemot}, L. and {Guiriec}, S. and {Harding}, A.~K. and {Hays}, E. and {Hewitt}, J.~W. and {Hill}, A.~B. and {Horan}, D. and {Iafrate}, G. and {Hartmann}, Dieter and {Jogler}, T. and {J{\'o}hannesson}, G. and {Johnson}, A.~S. and {Kamae}, T. and {Kataoka}, J. and {Kn{\"o}dlseder}, J. and {Kuss}, M. and {La Mura}, G. and {Larsson}, S. and {Latronico}, L. and {Lemoine-Goumard}, M. and {Li}, J. and {Li}, L. and {Longo}, F. and {Loparco}, F. and {Lott}, B. and {Lovellette}, M.~N. and {Lubrano}, P. and {Madejski}, G.~M. and {Maldera}, S. and {Manfreda}, A. and {Mayer}, M. and {Mazziotta}, M.~N. and {Michelson}, P.~F. and {Mirabal}, N. and {Mitthumsiri}, W. and {Mizuno}, T. and {Moiseev}, A.~A. and {Monzani}, M.~E. and {Morselli}, A. and {Moskalenko}, I.~V. and {Murgia}, S. and {Nuss}, E. and {Ohsugi}, T. and {Omodei}, N. and {Orienti}, M. and {Orlando}, E. and {Ormes}, J.~F. and {Paneque}, D. and {Perkins}, J.~S. and {Pesce-Rollins}, M. and {Petrosian}, V. and {Piron}, F. and {Pivato}, G. and {Porter}, T.~A. and {Rain{\`o}}, S. and {Rando}, R. and {Razzano}, M. and {Razzaque}, S. and {Reimer}, A. and {Reimer}, O. and {Reposeur}, T. and {Romani}, R.~W. and {S{\'a}nchez-Conde}, M. and {Saz Parkinson}, P.~M. and {Schmid}, J. and {Schulz}, A. and {Sgr{\`o}}, C. and {Siskind}, E.~J. and {Spada}, F. and {Spandre}, G. and {Spinelli}, P. and {Suson}, D.~J. and {Tajima}, H. and {Takahashi}, H. and {Takahashi}, M. and {Takahashi}, T. and {Thayer}, J.~B. and {Thompson}, D.~J. and {Tibaldo}, L. and {Torres}, D.~F. and {Tosti}, G. and {Troja}, E. and {Vianello}, G. and {Wood}, K.~S. and {Wood}, M. and {Yassine}, M. and {Zaharijas}, G. and {Zimmer}, S.},
        title = "{2FHL: The Second Catalog of Hard Fermi-LAT Sources}",
      journal = {\apjs},
     keywords = {catalogs, gamma-rays: general, Astrophysics - High Energy Astrophysical Phenomena},
         year = 2016,
        month = jan,
       volume = {222},
       number = {1},
          eid = {5},
        pages = {5},
          doi = {10.3847/0067-0049/222/1/5},
archivePrefix = {arXiv},
       eprint = {1508.04449},
 primaryClass = {astro-ph.HE},
       adsurl = {https://ui.adsabs.harvard.edu/abs/2016ApJS..222....5A},
      adsnote = {Provided by the SAO/NASA Astrophysics Data System}
}



@ARTICLE{3FHL,
       author = {{Ajello}, M. and {Atwood}, W.~B. and {Baldini}, L. and {Ballet}, J. and {Barbiellini}, G. and {Bastieri}, D. and {Bellazzini}, R. and {Bissaldi}, E. and {Blandford}, R.~D. and {Bloom}, E.~D. and {Bonino}, R. and {Bregeon}, J. and {Britto}, R.~J. and {Bruel}, P. and {Buehler}, R. and {Buson}, S. and {Cameron}, R.~A. and {Caputo}, R. and {Caragiulo}, M. and {Caraveo}, P.~A. and {Cavazzuti}, E. and {Cecchi}, C. and {Charles}, E. and {Chekhtman}, A. and {Cheung}, C.~C. and {Chiaro}, G. and {Ciprini}, S. and {Cohen}, J.~M. and {Costantin}, D. and {Costanza}, F. and {Cuoco}, A. and {Cutini}, S. and {D'Ammando}, F. and {de Palma}, F. and {Desiante}, R. and {Digel}, S.~W. and {Di Lalla}, N. and {Di Mauro}, M. and {Di Venere}, L. and {Dom{\'\i}nguez}, A. and {Drell}, P.~S. and {Dumora}, D. and {Favuzzi}, C. and {Fegan}, S.~J. and {Ferrara}, E.~C. and {Fortin}, P. and {Franckowiak}, A. and {Fukazawa}, Y. and {Funk}, S. and {Fusco}, P. and {Gargano}, F. and {Gasparrini}, D. and {Giglietto}, N. and {Giommi}, P. and {Giordano}, F. and {Giroletti}, M. and {Glanzman}, T. and {Green}, D. and {Grenier}, I.~A. and {Grondin}, M. -H. and {Grove}, J.~E. and {Guillemot}, L. and {Guiriec}, S. and {Harding}, A.~K. and {Hays}, E. and {Hewitt}, J.~W. and {Horan}, D. and {J{\'o}hannesson}, G. and {Kensei}, S. and {Kuss}, M. and {La Mura}, G. and {Larsson}, S. and {Latronico}, L. and {Lemoine-Goumard}, M. and {Li}, J. and {Longo}, F. and {Loparco}, F. and {Lott}, B. and {Lubrano}, P. and {Magill}, J.~D. and {Maldera}, S. and {Manfreda}, A. and {Mazziotta}, M.~N. and {McEnery}, J.~E. and {Meyer}, M. and {Michelson}, P.~F. and {Mirabal}, N. and {Mitthumsiri}, W. and {Mizuno}, T. and {Moiseev}, A.~A. and {Monzani}, M.~E. and {Morselli}, A. and {Moskalenko}, I.~V. and {Negro}, M. and {Nuss}, E. and {Ohsugi}, T. and {Omodei}, N. and {Orienti}, M. and {Orlando}, E. and {Palatiello}, M. and {Paliya}, V.~S. and {Paneque}, D. and {Perkins}, J.~S. and {Persic}, M. and {Pesce-Rollins}, M. and {Piron}, F. and {Porter}, T.~A. and {Principe}, G. and {Rain{\`o}}, S. and {Rando}, R. and {Razzano}, M. and {Razzaque}, S. and {Reimer}, A. and {Reimer}, O. and {Reposeur}, T. and {Saz Parkinson}, P.~M. and {Sgr{\`o}}, C. and {Simone}, D. and {Siskind}, E.~J. and {Spada}, F. and {Spandre}, G. and {Spinelli}, P. and {Stawarz}, L. and {Suson}, D.~J. and {Takahashi}, M. and {Tak}, D. and {Thayer}, J.~G. and {Thayer}, J.~B. and {Thompson}, D.~J. and {Torres}, D.~F. and {Torresi}, E. and {Troja}, E. and {Vianello}, G. and {Wood}, K. and {Wood}, M.},
        title = "{3FHL: The Third Catalog of Hard Fermi-LAT Sources}",
      journal = {\apjs},
     keywords = {catalogs, gamma rays: general, Astrophysics - High Energy Astrophysical Phenomena},
         year = 2017,
        month = oct,
       volume = {232},
       number = {2},
          eid = {18},
        pages = {18},
          doi = {10.3847/1538-4365/aa8221},
archivePrefix = {arXiv},
       eprint = {1702.00664},
 primaryClass = {astro-ph.HE},
       adsurl = {https://ui.adsabs.harvard.edu/abs/2017ApJS..232...18A},
      adsnote = {Provided by the SAO/NASA Astrophysics Data System}
}



@ARTICLE{HGPS,
       author = {{H.E.S.S. Collaboration}},
        title = "{The H.E.S.S. Galactic plane survey}",
      journal = {\aap},
     keywords = {gamma rays: general, surveys, Galaxy: general, Astrophysics - High Energy Astrophysical Phenomena},
         year = 2018,
        month = apr,
       volume = {612},
          eid = {A1},
        pages = {A1},
          doi = {10.1051/0004-6361/201732098},
archivePrefix = {arXiv},
       eprint = {1804.02432},
 primaryClass = {astro-ph.HE},
       adsurl = {https://ui.adsabs.harvard.edu/abs/2018A&A...612A...1H},
      adsnote = {Provided by the SAO/NASA Astrophysics Data System}
}



@ARTICLE{2HWC,
       author = {{Abeysekara}, A.~U. and {Albert}, A. and {Alfaro}, R. and {Alvarez}, C. and {{\'A}lvarez}, J.~D. and {Arceo}, R. and {Arteaga-Vel{\'a}zquez}, J.~C. and {Ayala Solares}, H.~A. and {Barber}, A.~S. and {Baughman}, B. and {Bautista-Elivar}, N. and {Becerra Gonzalez}, J. and {Becerril}, A. and {Belmont-Moreno}, E. and {BenZvi}, S.~Y. and {Berley}, D. and {Bernal}, A. and {Braun}, J. and {Brisbois}, C. and {Caballero-Mora}, K.~S. and {Capistr{\'a}n}, T. and {Carrami{\~n}ana}, A. and {Casanova}, S. and {Castillo}, M. and {Cotti}, U. and {Cotzomi}, J. and {Couti{\~n}o de Le{\'o}n}, S. and {de la Fuente}, E. and {De Le{\'o}n}, C. and {Diaz Hernandez}, R. and {Dingus}, B.~L. and {DuVernois}, M.~A. and {D{\'\i}az-V{\'e}lez}, J.~C. and {Ellsworth}, R.~W. and {Engel}, K. and {Fiorino}, D.~W. and {Fraija}, N. and {Garc{\'\i}a-Gonz{\'a}lez}, J.~A. and {Garfias}, F. and {Gerhardt}, M. and {Gonz{\'a}lez Mu{\~n}oz}, A. and {Gonz{\'a}lez}, M.~M. and {Goodman}, J.~A. and {Hampel-Arias}, Z. and {Harding}, J.~P. and {Hernandez}, S. and {Hernandez-Almada}, A. and {Hinton}, J. and {Hui}, C.~M. and {H{\"u}ntemeyer}, P. and {Iriarte}, A. and {Jardin-Blicq}, A. and {Joshi}, V. and {Kaufmann}, S. and {Kieda}, D. and {Lara}, A. and {Lauer}, R.~J. and {Lee}, W.~H. and {Lennarz}, D. and {Le{\'o}n Vargas}, H. and {Linnemann}, J.~T. and {Longinotti}, A.~L. and {Raya}, G. Luis and {Luna-Garc{\'\i}a}, R. and {L{\'o}pez-Coto}, R. and {Malone}, K. and {Marinelli}, S.~S. and {Martinez}, O. and {Martinez-Castellanos}, I. and {Mart{\'\i}nez-Castro}, J. and {Mart{\'\i}nez-Huerta}, H. and {Matthews}, J.~A. and {Miranda-Romagnoli}, P. and {Moreno}, E. and {Mostaf{\'a}}, M. and {Nellen}, L. and {Newbold}, M. and {Nisa}, M.~U. and {Noriega-Papaqui}, R. and {Pelayo}, R. and {Pretz}, J. and {P{\'e}rez-P{\'e}rez}, E.~G. and {Ren}, Z. and {Rho}, C.~D. and {Rivi{\`e}re}, C. and {Rosa-Gonz{\'a}lez}, D. and {Rosenberg}, M. and {Ruiz-Velasco}, E. and {Salazar}, H. and {Salesa Greus}, F. and {Sandoval}, A. and {Schneider}, M. and {Schoorlemmer}, H. and {Sinnis}, G. and {Smith}, A.~J. and {Springer}, R.~W. and {Surajbali}, P. and {Taboada}, I. and {Tibolla}, O. and {Tollefson}, K. and {Torres}, I. and {Ukwatta}, T.~N. and {Vianello}, G. and {Villase{\~n}or}, L. and {Weisgarber}, T. and {Westerhoff}, S. and {Wisher}, I.~G. and {Wood}, J. and {Yapici}, T. and {Younk}, P.~W. and {Zepeda}, A. and {Zhou}, H.},
        title = "{The 2HWC HAWC Observatory Gamma-Ray Catalog}",
      journal = {\apj},
     keywords = {catalogs, gamma rays: general, surveys, Astrophysics - High Energy Astrophysical Phenomena},
         year = 2017,
        month = jul,
       volume = {843},
       number = {1},
          eid = {40},
        pages = {40},
          doi = {10.3847/1538-4357/aa7556},
archivePrefix = {arXiv},
       eprint = {1702.02992},
 primaryClass = {astro-ph.HE},
       adsurl = {https://ui.adsabs.harvard.edu/abs/2017ApJ...843...40A},
      adsnote = {Provided by the SAO/NASA Astrophysics Data System}
}



@ARTICLE{3HWC,
       author = {{Albert}, A. and {Alfaro}, R. and {Alvarez}, C. and {Camacho}, J.~R. Angeles and {Arteaga-Vel{\'a}zquez}, J.~C. and {Arunbabu}, K.~P. and {Avila Rojas}, D. and {Ayala Solares}, H.~A. and {Baghmanyan}, V. and {Belmont-Moreno}, E. and {BenZvi}, S.~Y. and {Brisbois}, C. and {Caballero-Mora}, K.~S. and {Capistr{\'a}n}, T. and {Carrami{\~n}ana}, A. and {Casanova}, S. and {Cotti}, U. and {Couti{\~n}o de Le{\'o}n}, S. and {De la Fuente}, E. and {Diaz Hernandez}, R. and {Diaz-Cruz}, L. and {Dingus}, B.~L. and {DuVernois}, M.~A. and {Durocher}, M. and {D{\'\i}az-V{\'e}lez}, J.~C. and {Ellsworth}, R.~W. and {Engel}, K. and {Espinoza}, C. and {Fan}, K.~L. and {Fang}, K. and {Alonso}, M. Fern{\'a}ndez and {Fleischhack}, H. and {Fraija}, N. and {Galv{\'a}n-G{\'a}mez}, A. and {Garcia}, D. and {Garc{\'\i}a-Gonz{\'a}lez}, J.~A. and {Garfias}, F. and {Giacinti}, G. and {Gonz{\'a}lez}, M.~M. and {Goodman}, J.~A. and {Harding}, J.~P. and {Hernandez}, S. and {Hinton}, J. and {Hona}, B. and {Huang}, D. and {Hueyotl-Zahuantitla}, F. and {H{\"u}ntemeyer}, P. and {Iriarte}, A. and {Jardin-Blicq}, A. and {Joshi}, V. and {Kieda}, D. and {Lara}, A. and {Lee}, W.~H. and {Le{\'o}n Vargas}, H. and {Linnemann}, J.~T. and {Longinotti}, A.~L. and {Luis-Raya}, G. and {Lundeen}, J. and {L{\'o}pez-Coto}, R. and {Malone}, K. and {Marandon}, V. and {Martinez}, O. and {Martinez-Castellanos}, I. and {Mart{\'\i}nez-Castro}, J. and {Matthews}, J.~A. and {Miranda-Romagnoli}, P. and {Morales-Soto}, J.~A. and {Moreno}, E. and {Mostaf{\'a}}, M. and {Nayerhoda}, A. and {Nellen}, L. and {Newbold}, M. and {Nisa}, M.~U. and {Noriega-Papaqui}, R. and {Olivera-Nieto}, L. and {Omodei}, N. and {Peisker}, A. and {P{\'e}rez Araujo}, Y. and {P{\'e}rez-P{\'e}rez}, E.~G. and {Ren}, Z. and {Rho}, C.~D. and {Rivi{\`e}re}, C. and {Rosa-Gonz{\'a}lez}, D. and {Ruiz-Velasco}, E. and {Salazar}, H. and {Salesa Greus}, F. and {Sandoval}, A. and {Schneider}, M. and {Schoorlemmer}, H. and {Serna}, F. and {Sinnis}, G. and {Smith}, A.~J. and {Springer}, R.~W. and {Surajbali}, P. and {Tollefson}, K. and {Torres}, I. and {Torres-Escobedo}, R. and {Ukwatta}, T.~N. and {Ure{\~n}a-Mena}, F. and {Weisgarber}, T. and {Werner}, F. and {Willox}, E. and {Zepeda}, A. and {Zhou}, H. and {de Le{\'o}n}, C. and {{\'A}lvarez}, J.~D. and {HAWC Collaboration}},
        title = "{3HWC: The Third HAWC Catalog of Very-high-energy Gamma-Ray Sources}",
      journal = {\apj},
     keywords = {Gamma-ray astronomy, Gamma-ray observatories, High energy astrophysics, Cosmic ray sources, 628, 632, 739, 328, Astrophysics - High Energy Astrophysical Phenomena, Astrophysics - Instrumentation and Methods for Astrophysics},
         year = 2020,
        month = dec,
       volume = {905},
       number = {1},
          eid = {76},
        pages = {76},
          doi = {10.3847/1538-4357/abc2d8},
archivePrefix = {arXiv},
       eprint = {2007.08582},
 primaryClass = {astro-ph.HE},
       adsurl = {https://ui.adsabs.harvard.edu/abs/2020ApJ...905...76A},
      adsnote = {Provided by the SAO/NASA Astrophysics Data System}
}

@ARTICLE{magic_performance,
       author = {{MAGIC Collaboration}},
        title = "{The major upgrade of the MAGIC telescopes, Part II: A performance study using observations of the Crab Nebula}",
      journal = {Astroparticle Physics},
     keywords = {Gamma-ray astronomy, Cherenkov telescopes, Crab Nebula, Astrophysics - Instrumentation and Methods for Astrophysics},
         year = 2016,
        month = jan,
       volume = {72},
        pages = {76-94},
          doi = {10.1016/j.astropartphys.2015.02.005},
archivePrefix = {arXiv},
       eprint = {1409.5594},
 primaryClass = {astro-ph.IM},
       adsurl = {https://ui.adsabs.harvard.edu/abs/2016APh....72...76A},
      adsnote = {Provided by the SAO/NASA Astrophysics Data System}
}

@ARTICLE{joint_crab,
       author = {{Nigro}, C. and {Deil}, C. and {Zanin}, R. and {Hassan}, T. and {King}, J. and {Ruiz}, J.~E. and {Saha}, L. and {Terrier}, R. and {Br{\"u}gge}, K. and {N{\"o}the}, M. and {Bird}, R. and {Lin}, T.~T.~Y. and {Aleksi{\'c}}, J. and {Boisson}, C. and {Contreras}, J.~L. and {Donath}, A. and {Jouvin}, L. and {Kelley-Hoskins}, N. and {Khelifi}, B. and {Kosack}, K. and {Rico}, J. and {Sinha}, A.},
        title = "{Towards open and reproducible multi-instrument analysis in gamma-ray astronomy}",
      journal = {\aap},
     keywords = {methods: data analysis, gamma rays: general, Astrophysics - High Energy Astrophysical Phenomena, Astrophysics - Instrumentation and Methods for Astrophysics},
         year = 2019,
        month = may,
       volume = {625},
          eid = {A10},
        pages = {A10},
          doi = {10.1051/0004-6361/201834938},
archivePrefix = {arXiv},
       eprint = {1903.06621},
 primaryClass = {astro-ph.HE},
       adsurl = {https://ui.adsabs.harvard.edu/abs/2019A&A...625A..10N},
      adsnote = {Provided by the SAO/NASA Astrophysics Data System}
}

@ARTICLE{fomin_1994,
       author = {{Fomin}, V.~P. and {Stepanian}, A.~A. and {Lamb}, R.~C. and {Lewis}, D.~A. and {Punch}, M. and {Weekes}, T.~C.},
        title = "{New methods of atmospheric Cherenkov imaging for gamma-ray astronomy. I. The false source method}",
      journal = {Astroparticle Physics},
         year = 1994,
        month = may,
       volume = {2},
       number = {2},
        pages = {137-150},
          doi = {10.1016/0927-6505(94)90036-1},
       adsurl = {https://ui.adsabs.harvard.edu/abs/1994APh.....2..137F},
      adsnote = {Provided by the SAO/NASA Astrophysics Data System}
}

@ARTICLE{hawc_crab_2019,
       author = {{HAWC Collaboration}},
        title = "{Measurement of the Crab Nebula Spectrum Past 100 TeV with HAWC}",
      journal = {\apj},
     keywords = {acceleration of particles, astroparticle physics, gamma rays: general, ISM: individual objects: Crab Nebula, Astrophysics - High Energy Astrophysical Phenomena, Astrophysics - Instrumentation and Methods for Astrophysics},
         year = 2019,
        month = aug,
       volume = {881},
       number = {2},
          eid = {134},
        pages = {134},
          doi = {10.3847/1538-4357/ab2f7d},
archivePrefix = {arXiv},
       eprint = {1905.12518},
 primaryClass = {astro-ph.HE},
       adsurl = {https://ui.adsabs.harvard.edu/abs/2019ApJ...881..134A},
      adsnote = {Provided by the SAO/NASA Astrophysics Data System}
}


@ARTICLE{Cash,
       author = {{Cash}, W.},
        title = "{Parameter estimation in astronomy through application of the likelihood ratio.}",
      journal = {\apj},
     keywords = {Astronomical Models, Data Processing, Parameterization, Statistical Analysis, Confidence Limits, Data Sampling, Galactic Clusters, Normal Density Functions, Photons, X Ray Telescopes, Astronomy, Mathematics, Computing, Data Processing},
         year = 1979,
        month = mar,
       volume = {228},
        pages = {939-947},
          doi = {10.1086/156922},
       adsurl = {https://ui.adsabs.harvard.edu/abs/1979ApJ...228..939C},
      adsnote = {Provided by the SAO/NASA Astrophysics Data System}
}

@ARTICLE{LiMa,
       author = {{Li}, T. -P. and {Ma}, Y. -Q.},
        title = "{Analysis methods for results in gamma-ray astronomy.}",
      journal = {\apj},
     keywords = {Gamma Ray Astronomy, Statistical Analysis, Confidence Limits, Maximum Likelihood Estimates, Monte Carlo Method, Astronomy},
         year = 1983,
        month = sep,
       volume = {272},
        pages = {317-324},
          doi = {10.1086/161295},
       adsurl = {https://ui.adsabs.harvard.edu/abs/1983ApJ...272..317L},
      adsnote = {Provided by the SAO/NASA Astrophysics Data System}
}

@inproceedings{project_jupyter-proc-scipy-2018,
	Author = {{P}roject {J}upyter and {M}atthias {B}ussonnier and {J}essica {F}orde and {J}eremy {F}reeman and {B}rian {G}ranger and {T}im {H}ead and {C}hris {H}oldgraf and {K}yle {K}elley and {G}ladys {N}alvarte and {A}ndrew {O}sheroff and {M} {P}acer and {Y}uvi {P}anda and {F}ernando {P}erez and {B}enjamin {R}agan-{K}elley and {C}arol {W}illing},
	Booktitle = {{P}roceedings of the 17th {P}ython in {S}cience {C}onference},
	Date-Added = {2018-10-26 11:18:10 +0200},
	Date-Modified = {2018-10-26 11:18:10 +0200},
	Doi = {10.25080/Majora-4af1f417-011},
	Editor = {{F}atih {A}kici and {D}avid {L}ippa and {D}illon {N}iederhut and {M} {P}acer},
	Pages = {113 - 120},
	Title = {{B}inder 2.0 - {R}eproducible, interactive, sharable environments for science at scale},
	Year = {2018},
	Bdsk-Url-1 = {https://doi.org/10.25080/Majora-4af1f417-011}}

@inproceedings{2019ASPC..523..357B,
      author = {{Boisson}, Catherine and {Ruiz}, Jos{\'e} Enrique and {Deil}, Christoph and {Donath}, Axel and {Khelifi}, Bruno},
      title = "{Versioned Executable User Documentation for In-development Science Tools}",
  booktitle = {Astronomical Data Analysis Software and Systems XXVII},
        year = 2019,
      editor = {{Teuben}, Peter J. and {Pound}, Marc W. and {Thomas}, Brian A. and {Warner}, Elizabeth M.},
      series = {Astronomical Society of the Pacific Conference Series},
      volume = {523},
      month = oct,
      pages = {357},
      adsurl = {https://ui.adsabs.harvard.edu/abs/2019ASPC..523..357B},
    adsnote = {Provided by the SAO/NASA Astrophysics Data System}}

@ARTICLE{2009A&A...502..749A,
       author = {{Aharonian}, F. and {Akhperjanian}, A.~G. and {Anton}, G. and {Barres de Almeida}, U. and {Bazer-Bachi}, A.~R. and {Becherini}, Y. and {Behera}, B. and {Benbow}, W. and {Bernl{\"o}hr}, K. and {Boisson}, C. and {Bochow}, A. and {Borrel}, V. and {Brion}, E. and {Brucker}, J. and {Brun}, P. and {B{\"u}hler}, R. and {Bulik}, T. and {B{\"u}sching}, I. and {Boutelier}, T. and {Chadwick}, P.~M. and {Charbonnier}, A. and {Chaves}, R.~C.~G. and {Cheesebrough}, A. and {Chounet}, L. -M. and {Clapson}, A.~C. and {Coignet}, G. and {Costamante}, L. and {Dalton}, M. and {Daniel}, M.~K. and {Davids}, I.~D. and {Degrange}, B. and {Deil}, C. and {Dickinson}, H.~J. and {Djannati-Ata{\"\i}}, A. and {Domainko}, W. and {O'C. Drury}, L. and {Dubois}, F. and {Dubus}, G. and {Dyks}, J. and {Dyrda}, M. and {Egberts}, K. and {Emmanoulopoulos}, D. and {Espigat}, P. and {Farnier}, C. and {Feinstein}, F. and {Fiasson}, A. and {F{\"o}rster}, A. and {Fontaine}, G. and {F{\"u}{\ss}ling}, M. and {Gabici}, S. and {Gallant}, Y.~A. and {G{\'e}rard}, L. and {Giebels}, B. and {Glicenstein}, J.~F. and {Gl{\"u}ck}, B. and {Goret}, P. and {G{\"o}hring}, D. and {Hauser}, D. and {Hauser}, M. and {Heinz}, S. and {Heinzelmann}, G. and {Henri}, G. and {Hermann}, G. and {Hinton}, J.~A. and {Hoffmann}, A. and {Hofmann}, W. and {Holleran}, M. and {Hoppe}, S. and {Horns}, D. and {Jacholkowska}, A. and {de Jager}, O.~C. and {Jahn}, C. and {Jung}, I. and {Katarzy{\'n}ski}, K. and {Katz}, U. and {Kaufmann}, S. and {Kendziorra}, E. and {Kerschhaggl}, M. and {Khangulyan}, D. and {Kh{\'e}lifi}, B. and {Keogh}, D. and {Klu{\'z}niak}, W. and {Kneiske}, T. and {Komin}, Nu. and {Kosack}, K. and {Lamanna}, G. and {Lenain}, J. -P. and {Lohse}, T. and {Marandon}, V. and {Martin}, J.~M. and {Martineau-Huynh}, O. and {Marcowith}, A. and {Maurin}, D. and {McComb}, T.~J.~L. and {Medina}, M.~C. and {Moderski}, R. and {Monard}, L.~A.~G. and {Moulin}, E. and {Naumann-Godo}, M. and {de Naurois}, M. and {Nedbal}, D. and {Nekrassov}, D. and {Niemiec}, J. and {Nolan}, S.~J. and {Ohm}, S. and {Olive}, J. -F. and {de O{\~n}a Wilhelmi}, E. and {Orford}, K.~J. and {Ostrowski}, M. and {Panter}, M. and {Paz Arribas}, M. and {Pedaletti}, G. and {Pelletier}, G. and {Petrucci}, P. -O. and {Pita}, S. and {P{\"u}hlhofer}, G. and {Punch}, M. and {Quirrenbach}, A. and {Raubenheimer}, B.~C. and {Raue}, M. and {Rayner}, S.~M. and {Renaud}, M. and {Rieger}, F. and {Ripken}, J. and {Rob}, L. and {Rosier-Lees}, S. and {Rowell}, G. and {Rudak}, B. and {Rulten}, C.~B. and {Ruppel}, J. and {Sahakian}, V. and {Santangelo}, A. and {Schlickeiser}, R. and {Sch{\"o}ck}, F.~M. and {Schr{\"o}der}, R. and {Schwanke}, U. and {Schwarzburg}, S. and {Schwemmer}, S. and {Shalchi}, A. and {Sikora}, M. and {Skilton}, J.~L. and {Sol}, H. and {Spangler}, D. and {Stawarz}, {\L}. and {Steenkamp}, R. and {Stegmann}, C. and {Superina}, G. and {Szostek}, A. and {Tam}, P.~H. and {Tavernet}, J. -P. and {Terrier}, R. and {Tibolla}, O. and {Tluczykont}, M. and {van Eldik}, C. and {Vasileiadis}, G. and {Venter}, C. and {Venter}, L. and {Vialle}, J.~P. and {Vincent}, P. and {Vivier}, M. and {V{\"o}lk}, H.~J. and {Volpe}, F. and {Wagner}, S.~J. and {Ward}, M. and {Zdziarski}, A.~A. and {Zech}, A.},
        title = "{Simultaneous multiwavelength observations of the second exceptional {\ensuremath{\gamma}}-ray flare of PKS 2155-304 in July 2006}",
      journal = {\aap},
     keywords = {galaxies: active, galaxies: BL Lacertae objects: individual: PKS 2155-304, gamma rays: observations, X-rays: galaxies, Astrophysics - Cosmology and Nongalactic Astrophysics},
         year = 2009,
        month = aug,
       volume = {502},
       number = {3},
        pages = {749-770},
          doi = {10.1051/0004-6361/200912128},
archivePrefix = {arXiv},
       eprint = {0906.2002},
 primaryClass = {astro-ph.CO},
       adsurl = {https://ui.adsabs.harvard.edu/abs/2009A&A...502..749A},
      adsnote = {Provided by the SAO/NASA Astrophysics Data System}
}

@misc{HESS-DL3-DR1,
  doi = {10.5281/ZENODO.1421098},

  url = {https://zenodo.org/record/1421098},

  author = {{H.E.S.S. Collaboration}
},

  keywords = {astronomy, gamma-ray, data, open, H.E.S.S.},

  language = {en},

  title = {H.E.S.S. First Public Test Data Release},

  publisher = {Zenodo},

  year = {2018},

  copyright = {Open Access}
}


@ARTICLE{Mohrmann2019,
	author = {{Mohrmann}, L. and {Specovius}, A. and {Tiziani}, D. and {Funk}, S. and {Malyshev}, D. and {Nakashima}, K. and {van Eldik}, C.},
	title = "{Validation of open-source science tools and background model construction in {\ensuremath{\gamma}}-ray astronomy}",
	journal = {\aap},
	keywords = {methods: data analysis, gamma rays: general, Astrophysics - Instrumentation and Methods for Astrophysics, Astrophysics - High Energy Astrophysical Phenomena},
	year = 2019,
	month = dec,
	volume = {632},
	eid = {A72},
	pages = {A72},
	doi = {10.1051/0004-6361/201936452},
	archivePrefix = {arXiv},
	eprint = {1910.08088},
	primaryClass = {astro-ph.IM},
	adsurl = {https://ui.adsabs.harvard.edu/abs/2019A&A...632A..72M},
	adsnote = {Provided by the SAO/NASA Astrophysics Data System}
}

@ARTICLE{2011JCAP...03..051C,
       author = {{Cirelli}, Marco and {Corcella}, Gennaro and {Hektor}, Andi and {H{\"u}tsi}, Gert and {Kadastik}, Mario and {Panci}, Paolo and {Raidal}, Martti and {Sala}, Filippo and {Strumia}, Alessandro},
        title = "{PPPC 4 DM ID: a poor particle physicist cookbook for dark matter indirect detection}",
      journal = {\jcap},
     keywords = {High Energy Physics - Phenomenology, Astrophysics - Cosmology and Extragalactic Astrophysics},
         year = 2011,
        month = mar,
       volume = {2011},
       number = {3},
          eid = {051},
        pages = {051},
          doi = {10.1088/1475-7516/2011/03/051},
archivePrefix = {arXiv},
       eprint = {1012.4515},
 primaryClass = {hep-ph},
       adsurl = {https://ui.adsabs.harvard.edu/abs/2011JCAP...03..051C},
      adsnote = {Provided by the SAO/NASA Astrophysics Data System}
}

@ARTICLE{1999ApJS..120..299T,
       author = {{Truelove}, J. Kelly and {McKee}, Christopher F.},
        title = "{Evolution of Nonradiative Supernova Remnants}",
      journal = {\apjs},
     keywords = {HYDRODYNAMICS, SHOCK WAVES, ISM: SUPERNOVA REMNANTS, STARS: SUPERNOVAE: GENERAL, Hydrodynamics, Shock Waves, ISM: Supernova Remnants, Stars: Supernovae: General},
         year = 1999,
        month = feb,
       volume = {120},
       number = {2},
        pages = {299-326},
          doi = {10.1086/313176},
       adsurl = {https://ui.adsabs.harvard.edu/abs/1999ApJS..120..299T},
      adsnote = {Provided by the SAO/NASA Astrophysics Data System}
}

@ARTICLE{1950RSPSA.201..159T,
       author = {{Taylor}, Geoffrey},
        title = "{The Formation of a Blast Wave by a Very Intense Explosion. I. Theoretical Discussion}",
      journal = {Proceedings of the Royal Society of London Series A},
         year = 1950,
        month = mar,
       volume = {201},
       number = {1065},
        pages = {159-174},
          doi = {10.1098/rspa.1950.0049},
       adsurl = {https://ui.adsabs.harvard.edu/abs/1950RSPSA.201..159T},
      adsnote = {Provided by the SAO/NASA Astrophysics Data System}
}

@ARTICLE{2006ARA&A..44...17G,
       author = {{Gaensler}, Bryan M. and {Slane}, Patrick O.},
        title = "{The Evolution and Structure of Pulsar Wind Nebulae}",
      journal = {\araa},
     keywords = {Astrophysics},
         year = 2006,
        month = sep,
       volume = {44},
       number = {1},
        pages = {17-47},
          doi = {10.1146/annurev.astro.44.051905.092528},
archivePrefix = {arXiv},
       eprint = {astro-ph/0601081},
 primaryClass = {astro-ph},
       adsurl = {https://ui.adsabs.harvard.edu/abs/2006ARA&A..44...17G},
      adsnote = {Provided by the SAO/NASA Astrophysics Data System}
}

@ARTICLE{2004A&A...422..545Y,
       author = {{Yusifov}, I. and {K{\"u}{\c{c}}{\"u}k}, I.},
        title = "{Revisiting the radial distribution of pulsars in the Galaxy}",
      journal = {\aap},
     keywords = {pulsars: general, Galaxy: structure, Astrophysics},
         year = 2004,
        month = aug,
       volume = {422},
        pages = {545-553},
          doi = {10.1051/0004-6361:20040152},
archivePrefix = {arXiv},
       eprint = {astro-ph/0405559},
 primaryClass = {astro-ph},
       adsurl = {https://ui.adsabs.harvard.edu/abs/2004A&A...422..545Y},
      adsnote = {Provided by the SAO/NASA Astrophysics Data System}
}

@ARTICLE{2008AJ....135.1301V,
       author = {{Vall{\'e}e}, Jacques P.},
        title = "{New Velocimetry and Revised Cartography of the Spiral Arms in the Milky Way{\textemdash}A Consistent Symbiosis}",
      journal = {\aj},
     keywords = {Galaxy: disk, Galaxy: kinematics and dynamics, Galaxy: structure, ISM: kinematics and dynamics},
         year = 2008,
        month = apr,
       volume = {135},
       number = {4},
        pages = {1301-1310},
          doi = {10.1088/0004-6256/135/4/1301},
       adsurl = {https://ui.adsabs.harvard.edu/abs/2008AJ....135.1301V},
      adsnote = {Provided by the SAO/NASA Astrophysics Data System}
}

@ARTICLE{1990ApJ...348..485P,
       author = {{Paczynski}, Bohdan},
        title = "{A Test of the Galactic Origin of Gamma-Ray Bursts}",
      journal = {\apj},
     keywords = {Astronomical Models, Gamma Ray Bursts, Milky Way Galaxy, Neutron Stars, Star Distribution, Accretion Disks, Galactic Structure, Interstellar Matter, Stellar Envelopes, Astrophysics, GALAXIES: THE GALAXY, GALAXIES: STELLAR CONTENT, GAMMA RAYS: BURSTS, STARS: NEUTRON, STARS: STELLAR STATISTICS},
         year = 1990,
        month = jan,
       volume = {348},
        pages = {485},
          doi = {10.1086/168257},
       adsurl = {https://ui.adsabs.harvard.edu/abs/1990ApJ...348..485P},
      adsnote = {Provided by the SAO/NASA Astrophysics Data System}
}

@ARTICLE{2006MNRAS.372..777L,
       author = {{Lorimer}, D.~R. and {Faulkner}, A.~J. and {Lyne}, A.~G. and {Manchester}, R.~N. and {Kramer}, M. and {McLaughlin}, M.~A. and {Hobbs}, G. and {Possenti}, A. and {Stairs}, I.~H. and {Camilo}, F. and {Burgay}, M. and {D'Amico}, N. and {Corongiu}, A. and {Crawford}, F.},
        title = "{The Parkes Multibeam Pulsar Survey - VI. Discovery and timing of 142 pulsars and a Galactic population analysis}",
      journal = {\mnras},
     keywords = {Astrophysics},
         year = 2006,
        month = oct,
       volume = {372},
       number = {2},
        pages = {777-800},
          doi = {10.1111/j.1365-2966.2006.10887.x},
archivePrefix = {arXiv},
       eprint = {astro-ph/0607640},
 primaryClass = {astro-ph},
       adsurl = {https://ui.adsabs.harvard.edu/abs/2006MNRAS.372..777L},
      adsnote = {Provided by the SAO/NASA Astrophysics Data System}
}

@ARTICLE{2006ApJ...643..332F,
       author = {{Faucher-Gigu{\`e}re}, Claude-Andr{\'e} and {Kaspi}, Victoria M.},
        title = "{Birth and Evolution of Isolated Radio Pulsars}",
      journal = {\apj},
     keywords = {Galaxy: Structure, Methods: Statistical, Stars: Pulsars: General, Stars: Kinematics, Stars: Neutron, Astrophysics},
         year = 2006,
        month = may,
       volume = {643},
       number = {1},
        pages = {332-355},
          doi = {10.1086/501516},
archivePrefix = {arXiv},
       eprint = {astro-ph/0512585},
 primaryClass = {astro-ph},
       adsurl = {https://ui.adsabs.harvard.edu/abs/2006ApJ...643..332F},
      adsnote = {Provided by the SAO/NASA Astrophysics Data System}
}

@ARTICLE{1998ApJ...504..761C,
       author = {{Case}, Gary L. and {Bhattacharya}, Dipen},
        title = "{A New {\ensuremath{\Sigma}}-D Relation and Its Application to the Galactic Supernova Remnant Distribution}",
      journal = {\apj},
     keywords = {GALAXIES: ISM, GALAXY: KINEMATICS AND DYNAMICS, GALAXY: STRUCTURE, ISM: SUPERNOVA REMNANTS, Galaxies: ISM, Galaxy: Kinematics and Dynamics, Galaxy: Structure, ISM: Supernova Remnants, Astrophysics},
         year = 1998,
        month = sep,
       volume = {504},
       number = {2},
        pages = {761-772},
          doi = {10.1086/306089},
archivePrefix = {arXiv},
       eprint = {astro-ph/9807162},
 primaryClass = {astro-ph},
       adsurl = {https://ui.adsabs.harvard.edu/abs/1998ApJ...504..761C},
      adsnote = {Provided by the SAO/NASA Astrophysics Data System}
}


@ARTICLE{2015CRPhy..16..610D,
       author = {{de Naurois}, Mathieu and {Mazin}, Daniel},
        title = "{Ground-based detectors in very-high-energy gamma-ray astronomy}",
      journal = {Comptes Rendus Physique},
     keywords = {Gamma rays, Cherenkov detectors, Imaging atmospheric Cherenkov telescopes, Astrophysics - Instrumentation and Methods for Astrophysics, Astrophysics - High Energy Astrophysical Phenomena},
         year = 2015,
        month = aug,
       volume = {16},
       number = {6-7},
        pages = {610-627},
          doi = {10.1016/j.crhy.2015.08.011},
archivePrefix = {arXiv},
       eprint = {1511.00463},
 primaryClass = {astro-ph.IM},
       adsurl = {https://ui.adsabs.harvard.edu/abs/2015CRPhy..16..610D},
      adsnote = {Provided by the SAO/NASA Astrophysics Data System}
}


@dataset{HESS_DR1,
  author       = {H.E.S.S. Collaboration},
  title        = {H.E.S.S. first public test data release},
  month        = sep,
  year         = 2018,
  note         = {{For terms of use, see README.txt and
                   hess\_dl3\_dr1.pdf}},
  publisher    = {Zenodo},
  doi          = {10.5281/zenodo.1421099},
  url          = {https://doi.org/10.5281/zenodo.1421099}
}


@INPROCEEDINGS{gammapy_2015,
       author = {{Donath}, A. and {Deil}, C. and {Arribas}, M. Paz and {King}, J. and {Owen}, E. and {Terrier}, R. and {Reichardt}, I. and {Harris}, J. and {Buehler}, R. and {Klepser}, S.},
        title = "{Gammapy: An open-source Python package for gamma-ray astronomy}",
     keywords = {Astrophysics - Instrumentation and Methods for Astrophysics},
    booktitle = {34th International Cosmic Ray Conference (ICRC2015)},
         year = 2015,
       series = {International Cosmic Ray Conference},
       volume = {34},
        month = jul,
          eid = {789},
        pages = {789},
archivePrefix = {arXiv},
       eprint = {1509.07408},
 primaryClass = {astro-ph.IM},
       adsurl = {https://ui.adsabs.harvard.edu/abs/2015ICRC...34..789D},
      adsnote = {Provided by the SAO/NASA Astrophysics Data System}
}

@inproceedings{DBLP:conf/icms/Cosmo20,
title = {Archiving and Referencing Source Code with Software Heritage},
author = {Roberto Di Cosmo},
doi = {10.1007/978-3-030-52200-1_36},
isbn = {978-3-030-52200-1},
year  = {2020},
date = {2020-07-15},
booktitle = {ICMS},
volume = {12097},
pages = {362--373},
publisher = {Springer},
series = {Lecture Notes in Computer Science},
abstract = {Software, and software source code in particular, is widely
used in modern research. It must be properly archived, referenced,
described and cited in order to build a stable and long lasting corpus
of scientific knowledge. In this article we show how the Software
Heritage universal source code archive provides a means to fully address
 the first two concerns, by archiving seamlessly all publicly available
software source code, and by providing intrinsic persistent identifiers
that allow to reference it at various granularities in a way that is at
the same time convenient and effective.  We call upon the research community to adopt widely this approach.},
keywords = {},
pubstate = {published},
tppubtype = {inproceedings}
}

@Comment{jabref-meta: databaseType:bibtex;}
